4756 6194
178 444 243 511 ult
420 506 425 512 .
526 443 567 510 ll.
608 441 842 509 archoum
862 439 1186 511 confussionis
1206 440 1521 512 AUGUSTANAE.
1565 442 1609 509 Β.
1654 443 1845 514 ALTERA.
2131 445 2198 515 618

179 632 315 698 tradunt
336 631 550 717 quaestiones
572 628 840 714 Philosophieas,
863 648 947 714 quas
969 649 1078 715 neque
1209 633 1375 698 dicatione
1404 628 1600 716 Euangelij,
1627 631 1661 694 in
1684 629 1766 710 tide,
1788 632 1821 695 in
1845 636 2081 701 certaminibus
2103 635 2196 714 fidei,

178 715 298 805 pulos,
331 737 440 803 neque
462 718 526 803 ipsi
547 718 603 802 qui
631 729 821 801 proponunt
849 711 1048 802 intelligunt.
1121 736 1157 780 o·
1208 730 1287 783 sunt
1309 720 1342 781 in
1363 716 1436 782 istis
1458 716 1674 795 numerandi,
1703 737 1790 801 qnos
1812 715 1934 784 Daniel
1957 721 2118 786 describit
2139 742 2197 788 co·

179 816 307 870 stremo
329 805 486 887 quisunt
512 799 775 879 tolerabiliores,
807 798 917 887 legem
940 802 1080 880 docent,
1115 802 1157 866 de
1208 801 1278 869 lere
1301 803 1410 867 Deum
1430 819 1527 866 suum
1548 822 1644 879 auro,
1666 814 1699 866 et
1720 814 1878 888 argento.

178 889 310 956 iusticia
340 887 417 954 iidei
450 886 531 952 nihil
557 888 681 955 dicunt.
725 885 921 973 Aduersarij
950 889 984 951 in
1007 882 1157 950 confuta·
1294 885 1456 972 Allegant
1473 898 1559 950 etex
1573 884 1725 970 Epistola
1748 889 1791 953 ad
1811 887 1953 954 Ebreos.
1983 890 2100 956 Omnis
2111 890 2198 956 Pon·

179 976 276 1041 cione
296 975 399 1039 miras
433 974 624 1059 tragoedias
654 985 758 1058 agunt
784 973 827 1037 de
849 970 1057 1039 desolatione
1077 984 1155 1037 tem·
1209 971 1289 1039 tifex
1311 995 1353 1039 ex
1374 972 1564 1037 hominibus
1582 984 1797 1056 assumptus,
1819 995 1882 1057 pro
1905 975 2096 1042 hominibus
2119 995 2199 1043 con·

177 1058 327 1147 plorum,
350 1061 439 1145 quod
461 1058 634 1138 videlicet,
658 1070 747 1123 stent
769 1061 942 1124 inornatae
963 1077 1061 1136 arae,
1084 1059 1157 1122 sino
1208 1060 1353 1126 stituitur
1375 1060 1408 1122 in
1431 1058 1484 1123 his
1507 1077 1594 1142 qnae
1613 1071 1692 1123 sunt
1713 1060 1755 1124 ad
1775 1056 1897 1139 Deum,
1920 1073 1957 1127 vt
1975 1060 2093 1128 offerat
2111 1063 2200 1130 dona

178 1144 339 1224 candelis,
361 1146 435 1211 sine
456 1144 587 1211 statuis.
622 1142 693 1208 Has
715 1163 825 1230 nugas
847 1145 995 1209 indicant
1015 1163 1157 1208 esseor·
1209 1157 1242 1211 et
1263 1142 1430 1210 sacrificia
1451 1163 1513 1228 pro
1534 1144 1694 1226 peccatis.
1739 1141 1826 1208 Hinc
1848 1146 2099 1227 ratiocinantur,
2123 1169 2199 1214 cum

178 1243 294 1297 natum
326 1228 564 1296 Ecclesiamm.
629 1228 749 1316 Longe
782 1226 881 1294 uliam
914 1227 1156 1294 desolationem
1208 1233 1243 1295 in
1270 1248 1359 1296 nouo
1388 1239 1586 1293 testamento
1617 1230 1686 1293 sint
1712 1226 1896 1296 Pontifices
1926 1244 1959 1297 et
1982 1234 2200 1318 Sacerdotes,

179 1316 346 1404 significat
362 1315 503 1394 Daniel,
529 1313 685 1381 videlicet
705 1316 947 1401 ignorationem
968 1311 1154 1401 Euangeiij.
1209 1316 1359 1401 sequitur
1381 1315 1471 1400 quod
1483 1314 1527 1377 sit
1545 1312 1793 1380 etsacrificium
1812 1313 1949 1400 aliquod
1961 1337 2023 1402 pro
2036 1320 2199 1407 peccatis.

178 1401 263 1469 Nam
285 1399 430 1488 papulus
453 1404 593 1468 obrutus
620 1399 829 1467 multitudine
858 1412 891 1466 et
914 1402 1072 1465 varietate
1093 1410 1156 1463 tra·
1209 1401 1272 1467 liic
1293 1400 1390 1467 locus
1420 1396 1477 1464 vel
1501 1400 1644 1463 maxime
1667 1411 1780 1464 mouet
1803 1401 1975 1487 indoctos,
1999 1406 2200 1488 praesertim

179 1489 340 1554 ditionum
361 1499 462 1573 atque
483 1488 685 1572 opinionum,
709 1483 802 1551 nullo
824 1487 923 1551 modo
945 1487 1051 1569 potnit
1068 1504 1156 1550 com·
1209 1509 1284 1554 cnm
1306 1483 1362 1552 illa
1384 1504 1505 1571 pompa
1532 1483 1713 1633 sacerdotip‘
1743 1497 1777 1549 et
1805 1486 2045 1553 sacrificiorum
2076 1491 2200 1555 veteris
2272 1552 2277 1556 .

177 1573 278 1661 plecti
289 1593 449 1640 summam
462 1573 633 1638 doctrinae
645 1571 864 1637 Christianae
881 1570 982 1660 3Quis
1001 1572 1087 1636 enim
1098 1591 1157 1634 vn·
1208 1572 1397 1638 testamenti
1426 1569 1605 1636 oii'unditur
1633 1589 1697 1635 ocu
1713 1570 1754 1634 is.
1805 1571 1900 1637 Haec
1927 1573 2106 1639 similitudo
2144 1577 2200 1641 de·

178 1660 343 1744 quamde
369 1657 496 1744 populo
523 1657 688 1724 intellexit
719 1658 902 1725 doctrinam
923 1658 966 1723 de
988 1658 1155 1741 poeniten·
1208 1660 1288 1743 cipit
1320 1657 1509 1742 imperitos,
1544 1669 1581 1720 vt
1609 1655 1757 1721 iudicent
1790 1671 1948 1740 oportere
1982 1661 2026 1724 ad
2057 1662 2200 1726 eundem

179 1748 247 1823 cia,
277 1765 376 1894 quam
398 1746 582 1827 aduersarij
611 1742 839 1808 tradiderunt?
882 1741 925 1808 Et
952 1744 1008 1808 hic
1031 1743 1157 1826 praeci·
1208 1745 1342 1809 modum
1364 1743 1453 1828 apud
1477 1761 1539 1805 nos
1562 1742 1708 1806 existere
1736 1740 1876 1827 aliquod
1899 1743 2124 1811 ceremoniale
2147 1766 2201 1811 sa·

177 1851 266 1916 puus
308 1849 392 1895 ocus
421 1841 473 1894 est
499 1831 672 1895 doctrinae
694 1828 922 1906 Christianae,
949 1831 1157 1893 vexabantur
1209 1829 1369 1896 orificium
1395 1824 1628 1914 applicandum
1654 1830 1889 1912 propeccatis
1917 1827 2078 1912 aliorum,
2109 1831 2198 1897 sicut

138 1984 146 1991 ,
178 1917 405 1981 conscientiae
444 1915 705 1981 enumeratione·
730 1912 927 1979 delictorum
959 1927 993 1979 et
1026 1910 1156 1977 satisia·
1208 1917 1243 1980 in
1273 1916 1376 1980 veteri
1404 1923 1616 1979 testamento.
1663 1913 1780 1998 Neque
1810 1910 1901 1979 aliud
1926 1926 1980 1980 est
2007 1913 2065 1981 ille
2086 1915 2199 1983 cultus

178 2002 357 2068 ctionibus.
402 2000 457 2066 De
479 1999 556 2078 lide,
577 2022 644 2087 qua
664 2000 770 2085 gratis
789 2001 1023 2085 consequimur
1043 2000 1157 2064 remis·
1210 2001 1405 2078 missarum,
1425 2011 1459 2064 at
1480 1997 1610 2083 reliqua
1631 1996 1747 2083 politia
1768 1998 1901 2084 Papae,
1925 2022 2024 2086 quam
2046 2000 2201 2071 Leuitica
2301 2021 2306 2029 ·

179 2089 308 2152 sionem
330 2099 555 2173 peccatorum,
577 2084 670 2151 nulla
692 2105 832 2169 prorsus
856 2083 956 2150 tiebat
978 2087 1021 2151 ab
1040 2087 1158 2157 aduer-
1209 2085 1322 2173 politia
1342 2083 1431 2150 male
1452 2080 1636 2149 intellecta.
1653 2087 1708 2162 ⁷⁹)

178 2173 279 2255 sarijs
298 2173 439 2251 mencio,
460 2173 503 2237 da
526 2173 695 2253 exercitijs
722 2170 800 2237 fidei
828 2167 984 2235 luctantis
1007 2190 1082 2235 cum
1104 2170 1158 2234 de·
1294 2170 1337 2236 Et
1364 2190 1440 2234 cum
1461 2168 1636 2235 sentencia
1662 2182 1778 2234 nostra
1808 2168 1931 2236 habeat
1952 2174 2134 2257 praecipua
2155 2185 2201 2239 te·

179 2257 384 2342 speratione,
406 2259 449 2322 de
471 2258 614 2344 gratuita
636 2257 836 2322 remissione
852 2268 1157 2342 peccatornmpro·
1208 2258 1364 2322 stimonia
1392 2256 1426 2320 in
1453 2255 1482 2319 E
1506 2252 1607 2319 istola
1633 2256 1677 2319 ad
1700 2253 1849 2336 Bhrens,
1877 2267 1987 2322 tamen
2009 2258 2198 2345 aduersarij

177 2359 252 2429 pter
264 2342 434 2409 Christum
455 2364 573 2408 omnes
593 2340 681 2421 libri,
703 2361 819 2407 omnes
842 2342 1024 2406 conciones
1040 2343 1157 2407 aduer·
1209 2343 1307 2410 locos
1330 2364 1373 2408 ex
1401 2338 1459 2407 illa
1480 2276 1632 2424 Epistola
1653 2353 1831 2406 truncatos
1861 2354 1980 2408 contra
2003 2363 2069 2407 nos
2092 2345 2200 2409 detor·
2323 2350 2327 2359 '

179 2430 346 2496 sariorum
362 2441 473 2494 mutae
495 2440 601 2495 erant.
637 2430 692 2493 Ad
712 2426 798 2493 haec
820 2429 965 2492 accessit
986 2425 1157 2492 horribilis
1210 2439 1329 2516 quent,
1352 2438 1390 2494 vt
1416 2427 1449 2492 in
1472 2426 1540 2491 hoc
1561 2425 1635 2510 ipso
1660 2424 1759 2502 loco,
1781 2427 1837 2491 vbi
1860 2428 1980 2494 dicitur
2002 2427 2200 2494 Pontificem

201 2513 404 2600 rophanacio
432 2513 628 2593 lfflssarum,
661 2525 693 2579 ct
721 2510 777 2599 alij
807 2510 900 2577 multi
930 2513 1019 2599 impij
1048 2509 1158 2577 cultus
1211 2514 1387 2591 constitui,
1419 2523 1456 2577 vt
1489 2510 1606 2576 offerat
1638 2509 1803 2576 sacrificia
1825 2515 2079 2597 propeccatis,
2112 2514 2200 2581 Seri·

175 2623 212 2668 ur
235 2598 376 2686 templis.
420 2601 514 2666 Haec
536 2611 589 2665 est
610 2596 795 2677 desolatio,
829 2618 928 2683 quam
950 2596 1072 2663 Daniel
1103 2598 1159 2662 de·
1233 2613 1308 2666 tura
1347 2599 1421 2682 ipsa
1460 2598 1571 2662 statim
1617 2598 1736 2662 attexit
1779 2595 1949 2665 Christum
1988 2598 2199 2666 Pontificem.

178 2687 307 2753 scribit
1209 2622 1325 2751 lter-oa
1337 2682 1571 2770 praecedentia
1582 2683 1624 2746 de
1634 2681 1784 2748 Leuitico
1802 2685 1993 2750 sacerdotio
2005 2683 2201 2771 loquuntur,

266 2770 415 2837 Econtra
441 2769 507 2836 Dei
533 2769 696 2836 beneficio
725 2770 814 2854 apud
839 2790 903 2835 nos
930 2771 1081 2834 seruiunt
1101 2770 1159 2833 mi·
1211 2783 1245 2837 et
1254 2769 1444 2859 significant
1462 2767 1644 2833 Leuiticum
1659 2767 1892 2834 Pontificatum
1903 2767 2009 2836 inisse
2020 2771 2198 2859 imaginem

178 2856 319 2923 nisterio
349 2857 443 2923 verbi
471 2857 685 2933 sacerdotes,
719 2857 843 2921 docent
870 2853 1090 2942 Euangelium
1117 2854 1160 2919 de
1211 2855 1430 2923 Pontificatus
1458 2851 1594 2919 Christi.
1654 2852 1739 2919 Nam
1772 2854 1937 2920 sacriiicia
1958 2855 2109 2922 Leuitica
2136 2878 2199 2942 pro

178 2941 354 3027 beneficijs
377 2941 520 3022 Christi,
549 2943 728 3007 ostendunt
750 2941 979 3007 remissionem
1029 2951 1160 3006 eccato-
1211 2942 1361 3028 pcccatis
1407 2939 1713 3009 noumerebantur
1734 2940 1965 3005 remissionem
2010 2952 2200 3007 eccatorum

178 3049 252 3094 rum
273 3029 378 3113 gratis
401 3028 596 3115 contingere
614 3037 753 3113 propter
774 3024 953 3093 Christum.
1018 3046 1081 3092 aec
1101 3026 1160 3092 do·
1213 3049 1326 3094 coram
1382 3045 1443 3103 eo,
1471 3035 1599 3091 tantum
1628 3034 1723 3089 erant
1743 3024 1854 3110 imago
1882 2963 2038 3109 sacrilipcij
2063 3025 2200 3109 Christi,

180 3115 287 3179 ctrina
329 3112 427 3179 aiiart
466 3112 594 3178 firmam
634 3109 898 3178 consolationem
932 3111 1160 3197 conscientiis·
1213 3114 1414 3201 quodvnum
1435 3106 1583 3176 futurum
1602 3121 1674 3175 erat
1690 3112 1959 3196 propiciatorium
1978 3111 2195 3192 sacrificium,

179 3198 323 3266 Additur
355 3210 391 3265 et
422 3200 574 3264 doctrina
601 3199 763 3264 bonorum
790 3218 928 3283 operum
955 3217 1043 3283 quae
1064 3195 1160 3263 Deus
1212 3211 1368 3281 utsupra
1390 3197 1543 3261 diximus.
1587 3194 1701 3282 ltaque
1723 3193 1875 3280 Epistola
1898 3218 1951 3261 ma
1999 3218 2080 3263 aex
2103 3209 2200 3283 parte

178 3285 351 3372 praecipit
400 3282 533 3352 Dicitur
564 3284 608 3350 de
639 3284 800 3370 dignitate
826 3294 926 3368 atque
952 3303 1015 3348 vsu
1047 3302 1161 3348 sacra·
1213 3284 1421 3351 consumitur
1443 3282 1476 3347 in
1498 3278 1565 3346 hoc
1593 3278 1688 3360 loco,
1721 3282 1811 3366 quod
1837 3294 1936 3348 vetus
1994 3282 2199 3364 ontificatus,

178 3381 373 3436 mentorum.
428 3368 527 3443 Quod
553 3371 583 3434 si
614 3370 693 3457 iuge
725 3367 925 3434 sacrificium
955 3381 1046 3433 esset
1078 3388 1161 3433 vsus
1213 3384 1247 3438 et
1279 3382 1394 3435 vetera
1416 3364 1583 3433 sacrificia
1615 3386 1683 3431 non
1711 3364 1834 3433 inerint
1859 3369 1903 3433 ad
1924 3368 2009 3435 haec
2023 3371 2077 3451 ⁸⁰)
2107 3370 2200 3436 insti·

180 3456 394 3534 sacramenti,
406 3466 516 3520 tamen
537 3476 601 3521 nos
620 3456 726 3542 magis
744 3455 973 3534 retineremus,
993 3453 1161 3539 quamad·
1212 3468 1293 3534 tnta,
1314 3465 1351 3521 vt
1371 3462 1578 3518 mererentur
1596 3453 1829 3519 remissionem
1851 3466 2066 3539 peccatorum
2085 3468 2199 3522 coram

179 3542 341 3628 uersarij,
370 3541 449 3626 quia
470 3543 560 3626 apud
580 3538 659 3606 illos
687 3540 884 3606 sacerdotes
906 3541 1063 3606 mercede
1085 3558 1162 3604 con·
1211 3542 1301 3619 Deo,
1328 3560 1390 3607 seu
1412 3535 1734 3618 reconciliationem,
1766 3539 1829 3603 sed
1853 3550 1978 3603 tantum
2005 3540 2101 3604 adsi
2150 3541 2198 3606 iii-

181 3628 271 3693 ducti
299 3627 442 3692 utuntur
465 3638 687 3693 sacramento.
727 3626 842 3710 ¹Apud
868 3644 932 3691 nos
954 3627 1106 3692 crebrior
1128 3636 1162 3690 et
1213 3628 1356 3694 candum
1375 3621 1522 3691 futurum
1544 3622 1764 3699 sacrificium,
1786 3623 1885 3689 vuius
1907 3620 2042 3688 Christi.
2121 3644 2198 3711 por·

179 3710 369 3797 religiosior
400 3731 483 3777 rsus
517 3724 580 3778 est.
635 3711 722 3779 Nam
759 3709 904 3797 populus
937 3713 1056 3790 utitur,
1100 3712 1162 3777 sed
1212 3715 1274 3781 tuit
1302 3712 1389 3777 enim
1419 3719 1558 3774 sanctos
1591 3708 1625 3771 in
1657 3707 1762 3773 veteri
1795 3719 1997 3774 testamento
2024 3708 2198 3776 iustificari
2294 3725 2296 3731 ’

202 3799 272 3864 rius
292 3796 480 3875 institutus,
505 3809 606 3882 atque
634 3795 837 3881 exploratus.
880 3795 1054 3864 Docentur
1074 3798 1161 3862 enim
1212 3799 1296 3874 fide,
1328 3815 1370 3860 ex
1391 3794 1616 3880 promissione
1636 3793 1843 3858 remissionis
1871 3805 2106 3877 peccatorum,
2139 3797 2198 3862 do·

178 3821 333 3948 luminas
354 3882 397 3945 da
418 3901 499 3945 vero
520 3901 585 3948 vsu
606 3884 824 3959 sacramenti,
845 3884 933 3967 quod
955 3882 1000 3946 ad
1023 3880 1089 3947 hoc
1111 3883 1160 3947 in·
1212 3883 1343 3950 nandaa
1369 3888 1505 4028 propter
1532 3875 1721 3958 Christum,
1750 3879 1838 3945 sicut
1860 3889 1894 3945 et
1919 3883 2026 3947 sancti
2052 3880 2086 3946 in
2107 3901 2198 3964 nouo
2295 3894 2305 3915 ·

180 3969 329 4033 stitutum
361 3965 424 4045 sit,
458 3978 494 4032 vt
527 3967 570 4031 sit
598 3964 759 4052 sigillum,
785 3977 820 4032 et
845 3966 1067 4031 testimouium
1089 3987 1161 4052 gra·
1212 3976 1411 4036 testamento
1449 3959 1666 4029 catificantur.
1711 3963 1836 4030 Omnes
1867 3978 2006 4031 sanctos
2033 3967 2076 4031 ab
2104 3967 2198 4034 initio

180 4054 285 4120 tnitae
306 4052 513 4118 remissionis
534 4064 760 4137 peccatorum.
794 4051 940 4137 ideoque
962 4052 1088 4117 debeat
1105 4072 1161 4136 pa·
1213 4054 1326 4121 mnndi
1352 4051 1477 4116 sentire
1506 4050 1668 4133 oportuit,
1701 4048 1844 4115 hostiam
1871 4062 1905 4117 et
1934 4048 2198 4119 satisfactionem

178 4140 277 4206 nidos
306 4136 529 4203 conscientias
560 4140 759 4217 admonere,
786 4150 824 4203 vt
849 4157 930 4204 vere
958 4147 1106 4202 statuant
1129 4148 1163 4202 et
1213 4139 1286 4207 iore
1319 4159 1380 4224 pro
1408 4144 1567 4221 peccato,
1600 4131 1770 4202 Christum
1803 4137 1859 4222 qui
1892 4139 2079 4222 promissus
2112 4148 2197 4217 erat,

181 4225 320 4305 madunt
354 4223 419 4288 sibi
451 4225 556 4309 gratis
583 4225 704 4290 remitti
736 4234 888 4309 peccata.
943 4222 1027 4290 Cum
1061 4223 1161 4309 igitur
1213 4227 1300 4292 sicut
1334 4222 1454 4288 Esaim
1487 4221 1586 4286 docet
1620 4218 1703 4305 Cap.
1730 4220 1790 4305 liij.
1843 4221 1926 4289 Cum
1952 4224 2103 4310 posuerit
2128 4224 2197 4288 ani-

180 4323 215 4375 et
234 4308 512 4395 praedicationem
535 4307 708 4397 Euangelij
732 4320 766 4375 et
786 4305 966 4396 legitimum
989 4327 1086 4374 rsum
1107 4329 1162 4374 sa·
1212 4332 1300 4377 mam
1327 4330 1423 4375 suam
1451 4305 1596 4372 hostiam
1624 4327 1687 4391 pro
1707 4318 1849 4391 peccato
1868 4319 1932 4373 etc.
1982 4307 2065 4374 Cum
2094 4308 2198 4395 igitur

181 4405 424 4461 crementorum
446 4397 659 4475 retineamus,
681 4407 791 4460 manet
813 4397 902 4480 apud
923 4415 986 4460 nos
1008 4396 1086 4482 iuge
1108 4414 1162 4460 sa·
1213 4397 1246 4460 in
1268 4397 1373 4462 veteri
1400 4402 1603 4459 testamento
1625 4391 1792 4458 sacrificia
1821 4413 1889 4459 non
1918 4403 2124 4459 mererentur
2145 4413 2197 4458 re·

181 4477 351 4547 orificium.
391 4477 442 4552 ,lit
471 4484 500 4546 si
524 4483 567 4547 de
590 4493 730 4547 externa
756 4482 871 4567 specie
899 4481 1076 4547 dicendum
1098 4492 1162 4561 est,
1215 4480 1499 4556 conciliationem,
1538 4477 1602 4541 nisi
1636 4474 1846 4545 similitudine
1878 4480 2034 4563 quadam.
2088 4476 2198 4545 blere-

180 4565 367 4653 irequentiu
402 4566 436 4629 in
464 4565 595 4652 templis
622 4568 712 4654 apud
739 4585 804 4633 nos
831 4568 937 4632 maior
958 4578 1030 4646 est,
1064 4584 1163 4652 quam
1214 4569 1335 4634 bantur
1361 4566 1448 4633 eninr
1469 4558 1773 4630 reconciliationem
1796 4561 1983 4650 politicam,
2012 4564 2074 4629 sed
2096 4565 2197 4652 signi·

181 4654 271 4738 apud
298 4652 525 4718 aduersarios.
574 4652 743 4719 Tenentur
771 4654 858 4717 enim
885 4652 1051 4718 auditoria
1077 4651 1163 4717 vtili·
1213 4652 1353 4720 hcarent
1391 4663 1566 4717 ventumm
1606 4647 1828 4730 sacrificium,
1867 4649 2025 4737 Sequitur
2063 4651 2197 4716 unicum

181 4740 247 4806 bus
268 4748 303 4803 et
322 4738 510 4823 perspicuis
532 4739 763 4805 concionibus.
807 4737 933 4804 Verum
954 4738 1164 4804 aduersario·
1213 4760 1292 4807 esse
1324 4736 1524 4804 sacrificinm
1557 4733 1698 4814 Christi,
1726 4733 1928 4820 applicatum
1961 4755 2023 4821 pro
2055 4733 2195 4804 aliorum

181 4845 255 4890 rum
276 4823 462 4889 doctrinam
482 4844 650 4910 nunquam
672 4838 780 4910 neque
801 4821 958 4909 populus,
979 4842 1087 4909 neque
1104 4824 1163 4889 do·
1214 4826 1372 4910 peccatis.
1427 4818 1560 4887 Nullum
1592 4820 1693 4906 igitur
1719 4818 1882 4908 reliquum
1904 4832 1957 4887 est
1978 4823 2012 4887 in
2034 4841 2125 4889 nouo
2147 4832 2196 4888 te·

183 4919 295 4975 ctores
322 4905 567 4977 intellexerunt.
617 4909 661 4975 Et
687 4929 787 4975 verus
815 4920 953 4976 ornatus
974 4919 1027 4976 ast
1046 4907 1163 4976 Eccle·
1214 4922 1380 4977 stamanto
1419 4905 1618 4974 sacrificium
1660 4926 1682 4971 a
1704 4903 1895 4992 plicandum
1939 4928 2005 5012 pro
2042 4908 2191 4995 peccatis

183 4995 494 5074 siarum‚.doctrina
517 4997 581 5082 pia,
602 4994 704 5077 utilis,
724 5005 757 5060 et
776 4996 965 5082 perspicua,
986 5015 1068 5060 usus
1086 4998 1162 5145 pius
1214 4995 1367 5075 aliorum,
1386 5005 1519 5082 praeter
1538 5011 1639 5057 vnum
1732 4993 1786 5058 'sti
1804 4992 2004 5061 sacrificium
2021 4994 2056 5060 in
2079 5010 2191 5060 cruce.

184 5090 478 5162 sacramentorum,
500 5083 604 5147 oratio
621 5082 757 5161 ardens,
774 5078 947 5147 etsimilia.
980 5081 1096 5147 Cende
1108 5101 1162 5161 ae,

184 5187 269 5235 vasa
296 5185 410 5270 aurea,
442 5179 477 5233 et
509 5164 635 5233 similes
664 5179 822 5272 ornatus,
848 5167 987 5247 decent,
1011 5169 1163 5232 sednon
1214 5202 1514 5270 ta)1.eciticapolitia
1538 5202 1606 5253 ml,
1631 5199 1796 5266 mum}
1814 5200 1897 5253 m„
1925 5200 2015 5253 Η,
2047 5195 2190 5260 mm,

185 5265 263 5320 sunt
290 5272 444 5338 proprius
473 5264 613 5320 umatus
639 5250 825 5319 Ecclesiae.
870 5252 969 5328 Quod
991 5253 1021 5317 si
1043 5253 1162 5318 aduar·
1281 5273 1414 5324 munao
1431 5270 1540 5334 polinas
1557 5271 1625 5321 nate
1639 5270 1799 5323 intonans.
2079 5296 2082 5300 -

186 5338 268 5424 aarij
286 5340 320 5404 in
337 5336 460 5406 talibus
478 5341 580 5406 rebus
603 5335 772 5406 collocant
787 5336 909 5419 cultus,
930 5358 1000 5405 non
1015 5339 1050 5404 in
1066 5357 1164 5424 prae·
1215 5359 1261 5424 ao)
1279 5356 1457 5423 troclodita
1476 5355 1635 5408 manoe
1753 5424 1760 5451 ἱ
