4786 6210
184 374 253 459 5⁸³
631 368 1751 449 mannscmrrnaoanamcaaasrunomca
2130 369 2202 437 ast

188 562 300 632 cilicia
321 573 355 631 et
376 564 520 651 nagera
542 562 760 651 Euangellam
781 566 997 650 promitteret.
1014 569 1039 642 ¹)
1073 564 1168 629 Haec
1219 561 1255 629 ld
1274 562 1361 627 euim
1381 570 1484 627 vocat
1505 500 1679 646 Scriptura
1698 557 1862 625 iusticiam
1880 536 2006 639 amis,
2020 578 2123 647 qaam
2139 578 2202 625 aa·

187 650 265 717 ideo
291 650 521 728 recitauimus,
548 662 584 715 vt
610 654 708 716 etiam
741 651 844 715 exteri
874 646 1077 736 intelligant,
1103 650 1170 715 hoo
1218 659 1294 714 tura
1318 644 1475 724 carnalis,
1497 646 1564 710 hoc
1585 659 1650 725 est,
1671 647 1756 711 ratio
1777 664 1838 728 per
1858 664 1897 709 se
1914 641 2015 710 efficit
2036 648 2110 713 aiae
2131 646 2201 731 apl·

189 736 363 802 domnnae
384 755 526 822 genere,
558 737 646 821 quod
675 756 739 801 nos
762 738 947 821 sequimur,
981 755 1048 801 nan
1077 733 1168 800 labe·
1218 735 1283 801 ritu
1304 744 1434 799 sancto.
1479 731 1677 818 Quanquam
1699 741 1790 796 tanta
1812 732 1936 795 ostris
1959 734 2202 817 concupiscen-

71 901 72 905 ,
187 821 326 901 iactari,
352 822 414 886 sed
434 819 538 887 multo
558 824 665 909 magis
692 823 808 887 muniri
831 822 1042 887 autoritatem
1063 821 1167 908 mapi-
1219 821 1295 900 tiae,
1315 831 1352 887 vt
1373 815 1471 883 malis
1493 816 1666 883 affectibus
1688 816 1825 902 saepius
1845 818 2075 903 obtemperent
2095 817 2202 883 Ιιοωί-

188 919 365 986 atrataam,
386 920 419 971 et
440 907 634 994 dignitatem
654 908 800 973 amnium
823 908 1066 972 ordinationum
1088 908 1167 972 ciui·
1218 925 1304 986 nes,
1343 924 1442 990 qaam
1472 915 1566 969 recto
1606 904 1740 969 iudicio.
1795 901 1839 966 lit
1871 900 2023 971 diabolas
2079 904 2113 970 al
2144 913 2202 969 est

78 1074 81 1079 ⁵
189 991 282 1071 lium,
303 1014 442 1079 quaram
463 1013 572 1057 reram
591 994 784 1079 magnitudo
806 992 907 1060 fatuis
919 991 986 1058 illis
1009 994 1170 1078 opinioni·
1219 988 1340 1058 allicax
1368 991 1402 1054 ln
1430 990 1562 1076 lmpijs,
1594 1000 1630 1055 vt
1655 991 1701 1054 ait
1727 985 1878 1067 Paulus,
1902 1007 1969 1053 non
2003 990 2124 1055 desinit
2150 990 2202 1055 la·

189 1081 255 1144 bus
275 1079 488 1157 monasticis,
512 1078 647 1145 mirifice
668 1089 767 1144 autea
787 1076 848 1144 fait
866 1081 1061 1151 obscurata,
1083 1097 1170 1165 quae
1220 1078 1324 1142 citare
1350 1073 1440 1142 hanc
1467 1071 1666 1141 imbecillem
1696 1086 1848 1139 naturam
1874 1075 1917 1138 ad
1944 1077 2039 1141 varia
2063 1072 2202 1141 delicta·

190 1162 293 1249 longe
319 1161 553 1249 praeferebant
584 1163 776 1250 hypocrisin
812 1167 1016 1249 paupertatis
1044 1176 1078 1229 et
1110 1165 1169 1229 hu·
1219 1162 1291 1228 liae
1313 1180 1437 1228 causae
1459 1171 1557 1239 sant,
1586 1180 1691 1247 quare
1711 1172 1744 1226 et
1766 1157 1876 1227 ciuilis
1904 1160 2035 1225 iusticia
2055 1181 2133 1227 rara
2153 1160 2203 1225 sit

190 1248 354 1327 militatis,
384 1246 519 1353 politiae
547 1260 580 1316 et
609 1250 852 1329 Oeconotniae‚
887 1270 962 1317 cum
989 1250 1054 1317 liae
1081 1270 1169 1315 man·
1219 1250 1306 1314 inter
1327 1247 1493 1326 homines,
1515 1247 1602 1312 sicud
1623 1246 1785 1325 videmus,
1808 1265 1852 1310 ne
1871 1247 1963 1331 ipsos
1980 1246 2114 1331 quidem
2124 1244 2202 1311 Plri-

192 1337 305 1403 datum
331 1333 396 1399 Det
422 1333 585 1415 habeant,
600 1338 628 1412 ²)
656 1333 712 1401 illa
741 1337 929 1403 communio
953 1334 1126 1401 Platonica
1139 1339 1169 1416 Β)
1219 1332 1383 1419 losophos
1409 1354 1484 1399 eam
1511 1344 1715 1398 consecutos
1741 1342 1838 1409 csse,
1864 1333 1920 1417 qai
1941 1333 2098 1398 videatur
2126 1352 2202 1397 eam

191 1409 261 1487 aon
283 1420 404 1485 lrabeat
426 1422 616 1487 mandatum
635 1420 710 1486 Dei.
1220 1421 1432 1505 expetiaisse.
1476 1415 1561 1483 lllud
1588 1429 1698 1484 autem
1726 1416 1850 1483 falsam
1871 1428 1941 1496 est,
1968 1438 2035 1483 noa
2056 1436 2204 1501 peccare

280 1504 465 1573 Articulum
487 1505 592 1571 xva.
619 1509 781 1590 recipiunt
807 1507 991 1594 aduersari]
1018 1509 1092 1572 sine
1113 1527 1166 1573 cxv
1219 1504 1384 1571 hominem
1407 1505 1463 1591 qui
1490 1502 1572 1570 lacit
1594 1523 1697 1589 opera
1726 1515 1980 1587 praeceptorum
2007 1515 2104 1569 extra
2126 1522 2203 1590 gra·

192 1592 353 1677 ceptione,
376 1591 408 1656 in
430 1612 497 1678 qao
521 1591 717 1659 confitemur
727 1591 895 1658 Christum
917 1594 950 1658 in
962 1612 1171 1659 consumma·
1220 1594 1307 1661 tiam
1361 1590 1402 1655 Et
1431 1591 1557 1655 addunt
1582 1586 1742 1675 amplius,
1782 1586 1860 1653 talia
1888 1609 1993 1674 opera
2025 1590 2125 1654 etiam
2156 1589 2202 1655 de

191 1679 283 1745 tione
305 1678 416 1742 mundi
448 1680 671 1764 apparituram
694 1699 788 1755 esse,
817 1699 859 1743 ec
881 1692 1030 1745 mortuos
1053 1698 1170 1744 amnes
1221 1684 1375 1764 congruo
1397 1677 1517 1741 mereri
1532 1679 1561 1754 ⁷)
1581 1676 1810 1742 remissionem
1844 1688 2036 1741 eccatomm
2057 1676 2204 1740 aciasti·

192 1765 486 1844 resuscitaturum,
515 1776 549 1829 et
570 1765 635 1851 pijs
664 1776 833 1832 aeternam
856 1767 954 1829 vitam
981 1778 1014 1831 et
1035 1777 1171 1829 aeterna
1220 1762 1421 1829 ficationem.
1464 1760 1550 1827 Nam
1577 1761 1722 1827 humana
1750 1781 1809 1826 cor
1833 1782 1855 1826 a
1881 1762 1956 1826 sine
1983 1761 2100 1846 spiritu
2126 1780 2203 1825 sau·

194 1850 316 1937 gaudia
337 1849 500 1929 daturum,
523 1848 644 1936 impios
661 1870 744 1917 vero
766 1851 1062 1918 condemnaturum
1080 1870 1170 1930 esse,
1222 1862 1290 1928 cta,
1311 1861 1389 1914 sunt
1410 1848 1484 1913 elna
1505 1848 1624 1913 timore
1645 1844 1722 1925 Del,
1744 1847 1818 1913 sine
1840 1845 1962 1913 fiducia
1982 1866 2065 1933 erga
2080 1843 2204 1926 Deum,

194 1947 229 2002 vt
250 1955 324 2001 cum
348 1932 481 2000 diabolo
504 1936 578 2001 sine
600 1935 666 2000 line
688 1936 890 2002 crucientur.
1220 1956 1289 2001 aon
1312 1936 1453 2002 eredunt
1473 1954 1512 1999 se
1535 1933 1703 2012 exaudiri,
1724 1933 1789 1998 sibi
1810 1934 1954 2018 ignosci,
1976 1952 2016 1997 se
2037 1932 2145 1998 iuuari
2167 1942 2204 1999 et

281 2017 466 2085 Articulum
498 2019 617 2086 xviri.
652 2023 813 2107 recipiant
845 2021 1028 2106 aduersarij
1063 2022 1104 2086 de
1134 2017 1172 2086 li·
1221 2021 1350 2087 seruari
1376 2041 1398 2085 a
1425 2018 1511 2085 Deo.
1560 2018 1664 2106 lgitar
1691 2029 1769 2084 sant
1803 2019 1913 2102 impia
1963 2017 2070 2085 l'orro
2097 2020 2205 2083 arbor

195 2108 278 2173 bero
300 2107 448 2171 arbitrio.
477 2106 550 2171 Etsi
573 2108 735 2193 quaedam
757 2108 882 2172 addunt
905 2108 1093 2173 testimonia
1114 2128 1172 2191 pa·
1220 2104 1309 2173 rada
1332 2127 1399 2171 non
1422 2116 1533 2190 potest
1552 2102 1642 2169 ferre
1663 2106 1772 2170 bonas
1790 2102 1930 2170 stactus.
1975 2102 2019 2168 lit
2039 2105 2113 2170 siae
2134 2102 2204 2169 lide

194 2213 268 2258 rum
296 2205 375 2275 apta
408 2194 551 2258 adeam
584 2213 732 2258 causam.
782 2193 920 2259 Addunt
947 2205 980 2259 et
1007 2191 1172 2258 declama·
1204 2187 1429 2279 ¹impassibile
1451 2204 1505 2258 est
1524 2189 1600 2256 Deo
1622 2187 1768 2275 placere.

194 2279 317 2343 tionem
352 2280 442 2362 qaod
482 2298 550 2343 non
583 2280 627 2343 sit
658 2280 791 2343 nimiam
824 2279 1032 2344 tribuendam
1063 2276 1171 2343 libero
1310 2278 1522 2364 igitaretiam
1544 2278 1574 2341 si
1592 2278 1806 2343 concedimus
1823 2274 1931 2341 libero
1948 2274 2085 2340 arbitrio
2101 2271 2205 2340 liber·

195 2363 351 2440 arbitria,
383 2384 457 2427 cum
484 2361 689 2449 Pelagianis,
723 2384 744 2429 a
789 2383 830 2428 ae
856 2385 986 2430 omnem
1014 2366 1045 2430 ei
1072 2363 1170 2429 liber·
1222 2376 1322 2430 tatem
1343 2375 1377 2429 ct
1398 2361 1590 2430 facultatem
1618 2374 1756 2428 externa
1778 2382 1882 2447 opera
1908 2358 1997 2448 legis
2019 2359 2203 2439 efficiendi,

195 2460 296 2515 tatem
318 2449 525 2513 adimendam
549 2469 628 2515 esse
655 2470 729 2515 cum
787 2448 947 2516 enicheis.
993 2446 1172 2515 Praeclare
1221 2459 1331 2515 tamen
1348 2447 1406 2514 illa
1429 2447 1614 2533 spiritualia
1636 2468 1703 2513 non
1725 2448 1899 2514 tribuimus
1922 2444 2028 2513 libero
2050 2447 2206 2531 arbitrio,

195 2552 296 2612 sane,
324 2534 386 2597 sed
406 2534 485 2617 qaid
507 2537 645 2601 interest
666 2537 752 2599 inter
774 2532 974 2622 Pelagianos
996 2547 1031 2602 et
1051 2536 1170 2602 aduer-
1222 2534 1352 2601 scilicet
1374 2555 1455 2600 vere
1478 2537 1592 2600 timere
1603 2531 1724 2612 Deum,
1747 2553 1827 2600 vere
1850 2533 1989 2599 credere
2009 2529 2099 2612 Deo,
2121 2552 2205 2599 vere

195 2620 305 2684 serios
327 2620 486 2685 nostros?
513 2640 588 2687 cum
609 2622 741 2705 vtrlque
762 2622 907 2686 sentiant
926 2620 1077 2688 homines
1099 2623 1173 2687 sine
1222 2634 1370 2688 statuere
1389 2642 1431 2686 ae
1453 2623 1578 2687 sentire
1601 2621 1691 2705 quod
1709 2619 1803 2685 Deus
1825 2639 1889 2684 nos
1911 2619 2079 2704 respiciat,
2100 2638 2203 2685 exau·

195 2706 313 2769 siritu
340 2718 458 2770 sancto
486 2726 589 2789 posse
616 2705 726 2772 Deum
753 2704 908 2794 diligere,
937 2719 971 2774 et
991 2717 1172 2793 praecepta
1222 2708 1308 2785 diat,
1340 2709 1494 2793 ignoscat
1519 2706 1616 2772 nobis
1646 2718 1710 2771 etc.
1756 2704 1848 2771 llaec
1878 2716 1957 2770 sunt
1983 2724 2065 2770 vera
2096 2722 2205 2790 opere

230 2791 261 2855 ei
288 2788 418 2869 lacere,
451 2812 518 2877 quo
546 2795 590 2857 ad
617 2793 836 2858 substantiam
871 2804 1019 2875 actuum,
1051 2793 1171 2859 mereri
1220 2794 1347 2878 primae
1368 2791 1515 2871 tabulae,
1538 2812 1625 2877 quae
1644 2811 1713 2857 non
1736 2802 1849 2877 potest
1870 2789 2049 2856 humanam
2070 2809 2131 2855 cor
2153 2785 2204 2856 el'·

195 2876 336 2961 gratiam
358 2896 400 2941 ec
420 2876 687 2959 iustificationem
709 2880 878 2964 operibus,
895 2899 981 2965 quac
1003 2880 1089 2944 ratio
1111 2900 1172 2963 per
1222 2879 1342 2957 licere,
1369 2879 1444 2943 sine
1465 2879 1584 2963 spiritu
1607 2890 1746 2957 sancto,
1765 2879 1852 2943 sicut
1873 2878 1919 2942 ait
1941 2874 2077 2944 Paulus.
2119 2876 2205 2943 Ani·

195 2982 235 3027 se
257 2958 361 3027 afficit
382 2963 456 3027 siae
477 2965 595 3069 spiritu
617 2977 748 3070 sancto.
771 2963 877 3070 Quam
899 2964 1003 3068 malta
1024 2966 1173 3071 absurda
1223 2960 1318 3069 malis
1346 2962 1466 3044 homo,
1499 2964 1566 3030 hac
1594 2975 1663 3043 est,
1688 2962 1798 3069 'hamo
1831 2974 1958 3029 uatum
1990 2959 2204 3067 paturelibas

195 3047 1116 3218 {illit‘lrgnhtltltllentilli}³tt‘
1133 3070 1172 3202 :l
1222 3052 1486 3215 mittitis
1505 3060 1916 3223 Aatzt'ttttttt
1930 3046 2205 3219 ditm

194 3238 260 3283 nus
286 3237 432 3303 sequens
459 3218 615 3299 Paulum,
643 3242 763 3308 magna
789 3225 1010 3289 contencione
1036 3244 1073 3288 re
1090 3233 1171 3288 utet.
1221 3223 1321 3287 modo
1344 3222 1447 3287 corde
1468 3222 1511 3288 do
1530 3218 1702 3288 voluntate
1722 3219 1787 3286 Dei
1806 3223 1964 3302 sentiant,
1981 3218 2100 3287 Vtrum
2118 3240 2204 3286 vere

196 3301 300 3369 Cuius
322 3305 528 3369 sentenciam
549 3325 651 3395 supra
672 3309 706 3370 in
717 3307 859 3374 articulo
880 3308 1172 3375 delastilicatioae
1222 3318 1372 3373 statuant
1392 3328 1431 3373 se
1451 3308 1574 3393 respici
1596 3319 1629 3372 et
1650 3309 1800 3374 exaudiri
1820 3328 1842 3373 a
1861 3305 1948 3372 Deo.
1981 3305 2077 3372 Hanc
2100 3305 2204 3373 iidem

194 3388 691 3541 pppppppirlppppmlgequeflvprp
716 3393 896 3541 hadimimus
922 3394 1171 3545 luntanafpvo'
1222 3390 1365 3544 lfflplffl‘l
1380 3405 1432 3460 est
1443 3404 1491 3544 (pp)
1507 3395 1634 3499 sanctis
1656 3394 1810 3543 tepuere,
1831 3394 2077 3543 tantumdubest
2098 3402 2135 3457 vt
2156 3392 2203 3459 sit

565 3497 720 3667 aare
741 3498 990 3668 altstat
1004 3498 1099 3651 aa
1118 3500 1170 3631 t.
1221 3490 2107 3670 taratantara:tannasara
2120 3497 2206 3629 a:

194 3659 331 3797 licit
358 3647 706 3813 titilptlt'tl}
735 3647 1170 3822 ,imitatattpttlss
1193 3665 1198 3750 ¹
1220 3649 1659 3822 mittit-,Attila
1681 3735 1882 3813 arronem,
1904 3737 1938 3800 r„
1957 3754 2025 3840 ,a
2045 3735 2204 3801 trram

193 3828 304 3902 potest
326 3815 418 3902 loqui
439 3820 482 3882 de
502 3818 596 3897 Deo,
619 3820 775 3887 exhibere
797 3820 872 3887 Deo
895 3834 1022 3889 certam
1044 3822 1170 3889 cultum
1219 3820 1325 3887 libero
1348 3822 1486 3888 arbitrio
1512 3823 1642 3887 iusticia
1664 3818 1789 3900 ciuilis,
1813 3833 1846 3887 et
1868 3822 1998 3886 iustiora
2019 3817 2206 3907 spiritualia

192 3915 331 3968 externo
351 3923 463 3986 opere,
487 3907 623 3971 obedire
641 3909 903 3994 magistratibus,
920 3911 1112 3992 parentibus
1135 3909 1170 3973 in
1220 3908 1452 3994 gubernationi
1485 3908 1621 3991 spiritua
1649 3909 1757 3974 sancti
1790 3908 1823 3989 in
1849 3907 1986 3973 renatis.
2037 3909 2086 3973 lta
2112 3906 2204 3972 enlm

192 4008 294 4138 ppppe
310 3986 648 4141 ffiffipglfiiffenffl’
676 4004 788 4142 potpst
809 3994 981 4144 cocpgaerp
1003 4014 1122 4145 manup
1136 4013 1169 4099 ’a
1220 3994 1381 4145 popinatur
1404 3994 1641 4146 paedagogia&
1653 3994 1742 4145 1‹puia
1764 4013 1880 4144 affines
1902 3993 2053 4144 prppriues
2075 3993 2205 4143 paster

190 4119 309 4225 matula
336 4160 478 4225 hominis
505 4121 590 4227 relic
618 4085 835 4230 etlwitl'ditlium
863 4165 904 4228 de
921 4098 1169 4232 llllllaszlrslll
1220 4093 1810 4252 rpqpprppcepeplueodqrppiquoeppopo
1829 4097 2205 4250 13τὲοὲῐέὲαίΙὲ

76 4282 80 4289 ·
191 4247 361 4326 subiectis,
382 4244 529 4331 reliquus
552 4259 605 4312 cst
626 4248 726 4314 etiam
748 4247 897 4314 delectus
915 4270 1028 4315 earum
1046 4271 1171 4330 reram,
1220 4253 1334 4315 simus.
1377 4250 1422 4316 Et
1449 4262 1560 4316 tamea
1589 4252 1776 4317 ostenditur
1803 4251 1981 4316 discrimen
2002 4251 2089 4317 inter
2109 4249 2205 4315 iusti·

189 4343 223 4397 et
243 4328 382 4398 libertas
406 4343 440 4396 et
457 4329 603 4400 facultas
625 4330 861 4416 alliciendaail
883 4335 1033 4403 louticiae
1051 4333 1168 4403 ciuilis.
1221 4338 1305 4402 ciam
1326 4336 1503 4401 humanam
1524 4347 1557 4401 et
1578 4334 1795 4423 spiritualem,
1815 4338 1902 4402 inter
1921 4334 2205 4486 philosophicam,

1222 4433 1254 4488 et
1276 4422 1463 4488 doctrinam
1486 4423 1622 4508 spiritus
1643 4424 1771 4503 sancti,
1800 4435 1834 4488 et
1855 4422 1994 4508 inteligi
2022 4431 2135 4506 potest
2154 4420 2205 4487 ad

1220 4508 1299 4594 quid
1325 4529 1413 4594 opas
1441 4509 1484 4573 sit
1510 4510 1628 4592 spirita
1656 4520 1786 4575 sancto.
1831 4508 1949 4594 Neque
1978 4509 2062 4575 haec
2089 4508 2202 4572 distri·

209 4589 238 4654 1)
256 4588 437 4655 promitteret]
454 4589 538 4641 auia.
558 4591 649 4643 2—4.=
667 4593 835 4657 permitteret
1221 4594 1312 4660 ltutia
1334 4615 1356 4660 a
1375 4595 1474 4661 nobis
1494 4594 1630 4661 inuema
1652 4606 1717 4674 eet,
1739 4596 1801 4661 sed
1822 4595 1990 4680 scriptura
2011 4591 2203 4661 clarissime

208 4675 238 4740 ²)
255 4672 436 4737 praetentam
461 4675 611 4740 hypocrisin
635 4679 793 4743 carpemus
818 4705 852 4718 -
875 4682 1025 4733 mandatum
1046 4678 1098 4731 Dei
1120 4680 1166 4732 ne
1219 4680 1320 4746 tradit
1340 4700 1426 4747 mm.
1469 4677 1604 4746 Tractat
1625 4702 1699 4747 eom
1718 4691 1752 4747 et
1772 4682 1825 4746 Au
1893 4682 1995 4757 tinus,
2018 4691 2051 4746 et
2072 4689 2127 4745 est
2146 4698 2207 4744 re-

255 4740 1302 4884 trumattrectatae:matrina0011·
1323 4767 1501 4853 errent
1529 4775 1672 4833 ooo
1694 4787 1715 4834 a
1738 4765 1823 4835 aa
1871 4765 2115 4846 onom.
2136 4764 2203 4831 ..r

254 4881 315 5001 goti·
327 4878 394 4929 Cam
417 4881 522 4944 quidem
545 4883 637 4951 politia
661 4893 687 4934 et
712 4884 873 4938 Oeconomia
902 4887 1017 4938 habeant
1042 4890 1166 4941 mandata

203 5034 235 5101 ³)
252 5033 402 5084 commuuio
420 5031 568 5103 Platonica]
585 5036 668 5090 nuc.
685 5040 778 5092 2-4.=
795 5039 933 5094 Platordu
949 5045 1098 5093 communic
1237 5060 1267 5127 p)
1285 5060 1350 5110 gp,
1366 5072 1448 5124 „pm
1466 5059 1544 5110 m,
1561 5059 1594 5110 p,
1612 5070 1727 5121 mmo
1748 5056 1855 5125 msa]
1878 5056 1958 5109 nupta,
1984 5058 2076 5109 242
2097 5055 2203 5109 utam

203 5120 234 5186 t)
253 5114 420 5187 deligenda]
438 5118 487 5170 lid.
505 5123 547 5171 A:
565 5121 715 5187 diligendis,
1288 5128 1411 5194 operibus
1428 5129 1577 5179 aacuaario
1594 5126 1685 5178 deberi

203 5201 234 5270 i)
251 5217 269 5253 a
285 5201 376 5272 iamet]
395 5203 445 5256 Ed.
464 5206 505 5253 te
522 5203 603 5257 furto.
1236 5214 1266 5281 i)
1284 5211 1406 5280 iudicari]
1423 5214 1473 5265 lid.
1492 5214 1517 5265 3.
1535 5213 1610 5266 nde:
1628 5212 1745 5263 iudicare

203 5289 234 5354 a)
252 5287 416 5358 endendae]
433 5287 483 5339 lid.
501 5289 527 5342 8.
543 5297 596 5360 ω.
615 5308 681 5345 erm
698 5293 826 5347 aiddaadi
1234 5299 1265 5365 9)
1283 5300 1401 5367 egregie]
1419 5298 1470 5352 lid.
1488 5298 1530 5351 &a
1549 5300 1658 5365 qratia
1785 5312 1789 5320 ’
