4786 6210
183 409 249 475 nol
632 405 743 470 Ptin..
766 404 871 474 nisu.
894 402 1082 471 SCRIPTA
1104 399 1375 469 hostiarios
1395 397 1453 463 ΕΤ
1474 396 1746 465 SYMBOLlCA.
1795 437 1798 442 -
2131 399 2203 463 552

187 606 320 683 oportet
341 613 405 660 nos
427 593 494 657 lide
515 594 667 678 accipere
689 590 917 660 remissionem
938 602 1168 678 peccatorum,
1219 588 1331 671 tentijs
1365 588 1481 653 eedem
1517 587 1558 651 de
1587 606 1624 651 re
1657 586 1853 672 aduersarij.
1909 584 1984 652 lloc
2019 606 2087 653 non
2125 598 2201 672 pot·

212 704 287 747 uam
314 680 424 765 legem
453 675 612 757 facimus,
646 680 730 755 etsi,
759 692 925 765 utsupra
959 679 1169 755 dictumest,
1220 689 1273 740 est
1317 671 1499 822 explicari,
1543 693 1610 736 non
1657 684 1798 755 possunt
1837 673 2065 738 conscientiae
2106 674 2204 739 reddi

187 703 288 834 idem
311 765 444 831 dilectio
467 767 629 849 sequitur,
651 766 728 850 quia
739 768 843 830 renati
856 766 1005 850 spiritum
1018 774 1169 827 sanctum
1219 757 1364 846 tranquil
1378 780 1438 837 ae,
1478 757 1539 821 nisi
1578 758 1685 822 sciant
1717 760 1907 824 mandatum
1940 757 2005 823 Dei
2037 778 2135 837 esse,
2168 771 2204 825 et

190 854 374 939 accipiunt,
401 851 478 915 ideo
501 847 610 935 legem
632 847 746 914 facere
768 852 937 936 incipiunt.
982 848 1168 915 Citaremus
1220 848 1329 931 ipsum
1348 841 1585 929 Euangelium,
1607 856 1643 909 vt
1666 856 1758 908 certo
1781 854 1927 910 statuant
1951 857 2087 928 propter
2105 842 2200 911 Chri-

213 939 289 1004 lura
321 937 534 1013 testimonia,
568 936 630 998 nisi
665 937 764 1000 obuia
798 948 913 1002 essent
947 933 1081 1001 cuilibet
1136 936 1169 999 io
1220 943 1307 998 stum
1327 931 1432 1018 gratis
1454 931 1575 995 remitti
1605 941 1761 1014 peccata,
1793 951 1857 994 nec
1885 931 2035 997 dubitent
2062 930 2127 996 sibi
2148 951 2201 997 re

187 960 309 1091 llectori
333 1026 364 1087 in
388 1022 572 1104 scripturis.
618 1019 660 1084 Et
681 1041 744 1085 nos
773 1043 840 1086 non
863 1024 957 1086 nimis
973 1025 1026 1097 ²⁴)
1049 956 1170 1103 prolixi
1220 1019 1310 1084 mitti.
1356 1015 1391 1081 st
1426 1016 1500 1100 quis
1524 1016 1674 1095 dubitat,
1715 1016 1768 1093 is,
1801 1027 1837 1082 vt
1858 1015 2026 1083 lohannes
2058 1019 2115 1096 ait,
2145 1038 2203 1082 ac-

189 1130 270 1177 esse
292 1111 460 1192 cupimuS,
482 1119 516 1170 vt
534 1102 663 1169 facilius
687 1105 773 1172 haec
796 1128 898 1173 causa
925 1108 1069 1191 perspici
1091 1126 1170 1189 pos·
1220 1117 1317 1169 cusat
1334 1103 1589 1187 promissionem
1616 1102 1757 1167 diuinam
1786 1102 1962 1189 mendacij.
2007 1101 2104 1168 Hanc
2125 1123 2201 1168 cer·

189 1198 244 1264 sit.
289 1196 407 1281 Neque
437 1211 518 1256 vero
546 1192 771 1270 dubiumst,
799 1195 879 1279 quin
909 1193 994 1257 haec
1022 1192 1066 1256 sit
1094 1211 1169 1256 sen·
1220 1190 1391 1255 titudinem
1419 1187 1496 1251 fidei
1525 1206 1588 1252 nos
1611 1188 1771 1254 docemus
1794 1189 1916 1272 requiri
1938 1190 1971 1253 in
1998 1186 2201 1277 Euangelio.

189 1282 300 1348 tencia
323 1276 433 1352 Pauli,
460 1297 557 1361 quarn
582 1278 805 1354 defendimus,
828 1280 916 1364 quod
940 1278 1005 1342 lide
1027 1278 1170 1360 accipia-
1220 1273 1417 1359 Aduersarij
1441 1272 1630 1358 relinquunt
1652 1274 1876 1339 conscientias
1898 1275 2045 1341 incertas
2075 1287 2108 1339 et
2134 1295 2205 1340 am·

189 1387 264 1433 mus
298 1365 528 1430 remissionem
566 1376 782 1447 peccatorum
822 1378 958 1450 propter
991 1363 1170 1443 Christum,
1221 1363 1384 1448 higentes.
1428 1357 1516 1423 Nihil
1540 1371 1650 1424 autem
1675 1370 1779 1446 agunt
1806 1362 2032 1427 conscientiae
2054 1380 2096 1425 ex
2125 1359 2204 1439 lide,

190 1453 280 1539 qnod
309 1451 377 1515 fide
404 1449 619 1513 mediatorem
647 1447 815 1515 Christum
846 1469 1016 1535 opponere
1048 1450 1169 1513 debea-
1222 1470 1297 1515 cum
1324 1458 1486 1531 perpetua
1514 1445 1680 1524 dubitant,
1714 1457 1823 1511 rtrum
1856 1445 2001 1513 habeant
2032 1448 2205 1512 remissio·

188 1557 264 1603 mus
291 1539 361 1601 irae
383 1533 466 1616 Dei,
489 1555 556 1598 non
584 1554 687 1619 opera
708 1547 837 1601 nostra.
881 1536 954 1600 Nec
976 1535 1170 1617 perturben-
1221 1555 1306 1600 nem.
1362 1530 1539 1604 Quomodo
1571 1541 1716 1613 possunt
1753 1531 1786 1595 in
1820 1529 1885 1597 hac
1918 1532 2123 1598 dubitatione
2153 1535 2203 1598 in·

191 1636 244 1688 tur·
272 1623 347 1707 piae
384 1635 530 1698 mentes,
564 1623 693 1686 etiamsi
726 1620 821 1688 Pauli
855 1622 1046 1685 sentencias
1080 1617 1168 1685 calu·
1221 1640 1345 1685 uocare
1380 1616 1504 1682 Deum?
1537 1616 1705 1701 quomodo
1737 1629 1881 1702 possunt
1910 1631 2079 1697 statuere,
2111 1618 2204 1704 quod

189 1709 356 1773 mnientur
377 1706 575 1791 aduersarij.
619 1704 709 1771 Nihil
732 1719 798 1772 tam
826 1704 1017 1791 simpliciter
1039 1707 1169 1782 dicitur,
1221 1701 1461 1772 exaudiantur?
1504 1701 1553 1767 lta
1579 1713 1650 1767 tota
1677 1703 1746 1768 rita
1768 1714 1821 1769 est
1853 1705 1926 1770 sine
1947 1704 2041 1782 Deo,
2069 1714 2103 1769 et
2129 1703 2206 1770 sine

190 1795 281 1878 quod
304 1815 371 1858 non
393 1805 493 1876 queat
516 1793 690 1876 deprauari
714 1790 913 1857 cauillando.
947 1792 1019 1857 Nos
1042 1792 1169 1857 scimus
1220 1811 1304 1856 vero
1328 1785 1418 1854 cultu
1438 1786 1515 1852 Dei.
1560 1787 1634 1852 Hoc
1656 1790 1820 1875 estquod
1841 1788 2203 1876 Paulusinquitpeo·

189 1878 296 1957 hanc,
325 1898 423 1962 quam
446 1877 607 1956 diximus,
630 1898 743 1943 reram
766 1891 801 1943 et
822 1898 1014 1964 germanam
1037 1889 1169 1941 senten·
1222 1890 1332 1943 catum
1361 1894 1440 1939 esse
1469 1874 1627 1959 quidquid
1653 1895 1722 1940 non
1750 1874 1787 1939 fit
1812 1896 1855 1940 ex
1877 1875 1956 1955 fide,
2000 1875 2043 1941 Et
2070 1876 2149 1961 quia
2169 1877 2206 1941 in

191 1967 277 2030 ciam
300 1961 396 2027 Pauli
419 1982 512 2042 esse,
534 1965 661 2030 scimus
681 1966 770 2028 hane
794 1976 943 2029 nostram
965 1963 1171 2027 sentenciam
1221 1962 1287 2027 hac
1315 1960 1518 2027 dubitatione
1545 1980 1587 2043 pe
1629 1973 1706 2026 etuo
1735 1976 1930 2041 versantur,
1955 1982 2125 2047 nunquam
2147 1983 2206 2028 ex·

190 2050 256 2136 pijs
280 2049 497 2135 conscientijs
520 2049 647 2113 firmam
666 2048 930 2115 consolationem
946 2049 1077 2126 ail'erre,
1099 2049 1170 2111 sine
1223 2050 1395 2131 periuutur
1426 2047 1505 2130 quid
1534 2048 1578 2110 sit
1631 2048 1701 2113 des.
1746 2048 1794 2112 lta
1824 2046 1861 2112 lit
1890 2059 1926 2113 vt
1956 2048 2000 2111 ad
2022 2058 2206 2114 extremum

190 2157 257 2221 qua
280 2156 377 2199 nemu
399 2134 585 2200 consistere
606 2137 640 2198 in
670 2135 791 2200 iudicio
813 2134 877 2201 Dei
900 2147 1011 2220 queat.
1056 2135 1171 2218 ltaque
1195 2098 1201 2235 Ι
1223 2146 1320 2200 ruant
1341 2135 1375 2197 in
1398 2133 1676 2216 desperationem.
1720 2131 1813 2197 'lulis
1835 2145 1888 2199 est
1910 2134 2063 2198 doctrina
2083 2136 2208 2200 aduer-

190 2222 404 2305 repudientur
442 2218 522 2285 illae
553 2219 771 2285 Plrarisaicac
804 2222 977 2306 opiniones
1016 2222 1171 2285 aduersa·
1195 2249 1200 2272 ·
1223 2220 1406 2296 sariorum,
1436 2215 1642 2284 doctrinale
1668 2221 1715 2297 is,
1742 2220 1919 2305 abrogatio
1939 2216 2127 2307 Euangelij,
2148 2220 2206 2285 do·

190 2308 336 2383 riorum,
369 2306 458 2392 quod
496 2325 563 2370 nou
594 2307 795 2391 accipiamus
835 2306 900 2372 fide
941 2307 1171 2370 remissionem
1224 2307 1330 2371 ctrina
1354 2304 1608 2390 desperationis.
1684 2325 1749 2369 unc
1770 2302 1912 2372 libenter
1929 2306 2083 2372 omnibus
2106 2307 2207 2372 honis

191 2406 425 2477 peccatorum,
452 2394 513 2456 sed
536 2394 625 2476 quod
655 2403 811 2474 oporteat
842 2392 960 2458 mereri
995 2389 1172 2457 dilectione
1223 2393 1305 2457 viris
1337 2390 1557 2476 permittimus
1585 2390 1740 2457 iudicium
1770 2392 1812 2457 de
1839 2391 1907 2456 hoc
1933 2390 2011 2467 loco
2033 2394 2206 2477 poeniten·

190 2490 309 2543 nostra
337 2489 370 2541 et
398 2478 573 2561 operibus,
600 2480 691 2560 quad
718 2478 928 2541 dilectionem
960 2488 1109 2542 nostram
1139 2486 1174 2541 et
1223 2479 1309 2556 ciae,
1331 2474 1413 2541 nihil
1434 2476 1521 2541 enim
1543 2474 1647 2540 habet
1669 2478 1818 2556 obscuri,
1841 2488 1878 2545 vt
1888 2478 2120 2562 pronuncient,
2143 2479 2211 2544 vrri

191 2583 294 2648 opera
317 2572 433 2627 nostra
453 2563 526 2627 irae
547 2563 611 2627 Dei
642 2584 661 2626 o
687 2582 813 2647 ponere
842 2564 1035 2628 debeamus.
1079 2562 1172 2627 llaec
1223 2564 1331 2650 magis
1354 2563 1411 2647 pia
1435 2572 1469 2628 et
1490 2558 1639 2627 salubria
1661 2563 1894 2649 conscientijs,
1917 2564 2107 2643 docuerint,
2128 2584 2209 2645 nos,

191 2649 344 2713 doctrina
366 2643 451 2731 legis
475 2659 537 2724 est,
559 2667 626 2711 non
673 2647 834 2733 nangelij,
855 2667 940 2733 quac
963 2647 1059 2735 lingit
1079 2648 1173 2734 prius
1223 2670 1267 2715 an
1300 2646 1497 2733 aduersarij.
1554 2644 1712 2718 Proiecto
1742 2671 1810 2715 non
1844 2648 2013 2716 delectant
2043 2669 2110 2716 nos
2141 2650 2210 2716 hae

190 2732 357 2797 hominem
389 2730 464 2833 lege
497 2730 687 2813 iustificari,
745 2753 818 2798 uam
842 2755 904 2818 per
925 2733 1094 2799 Christum
1123 2754 1173 2799 re·
1223 2734 1453 2800 dissensiones
1475 2734 1509 2797 in
1531 2732 1698 2813 Ecclesia,
1721 2755 1825 2821 quare
1846 2736 1912 2800 nisi
1936 2755 2074 2822 magnas
2097 2748 2132 2802 et
2147 2755 2209 2802 ne·

192 2816 389 2885 conciliatus
412 2830 456 2884 srt
477 2816 577 2898 Deo,
609 2840 684 2884 cum
707 2818 734 2884 C
759 2820 860 2885 ristus
883 2820 988 2899 dicat,
1017 2819 1098 2886 Sine
1118 2839 1172 2885 me
1223 2820 1393 2886 cessarias
1416 2838 1537 2889 causas
1560 2819 1761 2888 haberemus
1783 2822 2007 2888 dissencieudi
2024 2823 2067 2887 ab
2084 2823 2210 2890 aduer-

189 2902 272 2971 nihil
300 2904 442 2989 potestis
470 2900 595 2970 lacere.
646 2905 743 2983 ltern,
770 2904 845 2991 Ego
873 2926 948 2971 sum
975 2907 1051 2971 vitis
1078 2925 1172 2985 vera,
1197 2918 1201 2936 ·
1223 2907 1342 2989 scriis,
1376 2925 1506 2971 summa
1538 2903 1713 2972 voluntate
1745 2918 1946 2974 taceremus.
2000 2906 2098 2974 Nunc
2131 2927 2210 2974 cum

189 3010 254 3057 vos
276 2986 440 3075 palmites.
486 2990 610 3056 Vemm
639 2991 823 3078 aduersarij
846 2991 891 3056 lin
938 3002 975 3056 ut
1002 3012 1066 3057 nos
1094 3011 1172 3058 esse
1222 2992 1287 3078 ipsi
1308 2990 1519 3057 manifestam
1542 2993 1713 3058 veritatem
1732 2994 1904 3073 damnent,
1919 2997 1973 3073 ²⁷)
1994 3012 2062 3058 non
2083 3004 2138 3060 est
2159 2996 2209 3060 iu·

233 3075 362 3154 lmites,
390 3097 459 3142 non
482 3073 631 3156 Christi,
646 3076 709 3141 sed
731 3076 841 3142 hloisi.
932 3077 982 3143 ‘us
1004 3079 1090 3144 enim
1112 3096 1171 3142 vo·
1223 3089 1257 3143 te
1322 3099 1353 3142 m
1387 3077 1485 3142 uobis
1518 3078 1677 3144 deserere
1691 3081 1744 3159 ²⁸)
1777 3099 1913 3146 causam
1946 3098 2016 3145 non
2042 3091 2209 3161 nostram,

189 3097 263 3226 liin
302 3159 381 3245 lege
412 3158 607 3233 iustificari,
646 3159 856 3229 dilectionem
887 3174 1038 3229 nostram
1053 3168 1106 3244 2ὅ)
1139 3174 1172 3228 et
1223 3184 1242 3231 s
1307 3161 1432 3229 Christi
1453 3174 1487 3229 et
1507 3160 1692 3230 Ecclesiae.

190 3266 295 3314 ocra
328 3245 447 3310 offerre
473 3245 566 3325 Deo,
594 3268 693 3332 quam
723 3248 980 3315 reconcilientur
1006 3246 1082 3314 Deo
1110 3269 1172 3334 per
1309 3248 1462 3316 Diximus
1484 3271 1568 3336 quas
1590 3252 1634 3316 oh
1657 3269 1779 3316 causas
1803 3252 2014 3336 posuerimus
2034 3248 2097 3317 has
2117 3251 2207 3318 duas

190 3268 369 3410 Cirristum,
390 3350 491 3415 quam
510 3332 578 3395 sint
598 3330 752 3417 palmites
771 3333 905 3400 Christi.
938 3330 1063 3401 Paulus
1087 3354 1167 3399 con·
1246 3348 1337 3401 artes
1358 3337 1590 3421 poenitenciae
1625 3339 1864 3404 contricionem
1884 3349 1919 3402 et
1950 3337 2061 3403 fidem.
2100 3336 2139 3403 ld
2162 3357 2207 3403 ue

189 3427 242 3483 tra
264 3418 434 3483 contendit
463 3414 572 3504 legem
601 3436 669 3482 non
690 3436 796 3503 posse
823 3419 895 3485 fieri
927 3422 1001 3486 sine
1023 3419 1169 3486 Christo.
1221 3357 1290 3486 hoc
1312 3417 1452 3488 lecimus
1478 3420 1656 3496 libentius,
1692 3424 1769 3509 quia
1796 3420 2072 3490 circumferuntur
2099 3445 2131 3489 ru
2169 3435 2207 3489 ta

189 3501 270 3569 ldeo
303 3503 480 3588 promissio
512 3503 607 3586 prius
627 3503 827 3589 accipienda
856 3516 925 3576 est,
959 3516 994 3570 vt
1022 3504 1088 3571 lide
1119 3525 1171 3570 re·
1222 3508 1310 3573 dicta
1348 3509 1390 3572 de
1428 3509 1636 3592 poenitencia
1673 3530 1760 3594 quae
1793 3520 1946 3575 truncata
1980 3511 2123 3576 citantur
2161 3529 2205 3575 ex

189 3586 405 3655 conciliemur
434 3587 528 3667 Deo,
557 3598 693 3676 propter
716 3588 903 3668 Christum,
937 3613 1037 3677 quam
1059 3586 1170 3696 legem
1222 3590 1396 3672 Patribus,
1423 3613 1510 3678 quae
1532 3595 1575 3659 ad
1597 3595 1841 3661 obscurandam
1863 3594 1962 3661 fidem
1990 3596 2206 3661 detorserunt

189 3673 340 3741 facimus.
385 3675 478 3739 Haec
499 3676 583 3739 satis
605 3676 784 3761 perspicua
806 3694 883 3741 esse
905 3678 971 3763 pijs
996 3695 1169 3742 conseren-
1222 3679 1419 3765 aduersarij.
1460 3676 1554 3744 Talia
1576 3693 1667 3760 sunt,
1690 3682 1901 3766 poenitencia
1923 3693 1976 3746 est
1995 3678 2084 3748 mala
2106 3701 2205 3766 prae·

188 3761 244 3846 tijs
275 3761 511 3826 existimamus.
555 3759 598 3826 Et
625 3760 703 3828 hinc
735 3759 936 3850 intelligent,
970 3762 1039 3828 Cur
1067 3783 1170 3849 supra
1221 3764 1318 3829 terite
1340 3760 1518 3852 plangere,
1546 3777 1580 3830 et
1601 3763 1792 3853 plangenda
1818 3768 1933 3834 iterum
1958 3785 2027 3832 non
2054 3767 2205 3834 commit·

213 3842 335 3913 roiessi
364 3847 469 3910 simus
491 3846 664 3913 iustificari
684 3847 838 3913 homines
853 3853 906 3931 26)
928 3848 1012 3926 fide,
1033 3869 1102 3915 uon
1123 3849 1168 3914 di·
1219 3859 1300 3915 tare
1347 3849 1439 3930 item,
1460 3850 1679 3919 Poenitencia
1700 3865 1752 3917 est
1797 3854 1940 3919 uaedam
1965 3850 2109 3919 dolentis
2132 3853 2202 3920 vin·

187 3865 352 4012 lectione,
376 3931 452 4081 quia
473 3944 606 4015 oportet
627 3952 691 3997 nos
715 3954 884 4019 opponere
905 3936 975 4000 irae
996 3934 1078 4013 Dei,
1099 3954 1168 3999 non
1219 3935 1320 4016 dicta,
1342 3939 1483 4022 puniens
1505 3937 1539 4002 in
1562 3956 1600 4002 se
1623 3938 1713 4023 qnod
1736 3873 1828 4005 dolet
1847 3940 1887 4005 se
1908 3939 2132 4004 commisisse.
2166 3939 2206 4004 ln

188 4028 338 4082 nostram
402 4016 610 4097 ilectionem,
649 4031 707 4085 aut
739 4040 865 4105 opera,
903 4033 960 4086 aut
998 4019 1168 4086 confidere
1218 4018 1271 4086 his
1293 4023 1390 4089 dictis
1413 4019 1505 4091 nulla
1532 4021 1569 4087 fit
1590 4026 1713 4090 mentio
1744 4022 1838 4104 fidei,
1866 4025 1920 4090 Ac
1946 4044 1991 4089 ne
2016 4024 2051 4090 in
2072 4021 2204 4091 scholis

186 4113 305 4169 nostra
327 4100 505 4169 dilectione
526 4122 568 4167 ac
589 4105 760 4187 operibus,
782 4106 844 4171 sed
852 4103 1024 4171 Christum
1046 4107 1167 4172 media-
1218 4109 1361 4268 quidem,
1384 4129 1457 4175 cum
1476 4110 1745 4193 interpretantur,
1767 4108 1891 4197 aliquid
1911 4112 1953 4176 ds
1969 4109 2037 4176 tide
2053 4110 2198 4177 additur.

187 4200 304 4255 torem.
348 4189 391 4255 Et
419 4189 513 4272 prius
535 4199 668 4273 oportet
696 4192 946 4274 apprehendere
973 4192 1166 4278 promissio·
1253 4216 1331 4259 aare
1360 4215 1425 4260 nos
1455 4215 1544 4273 eam,
1570 4207 1606 4261 vt
1632 4197 1741 4283 magis
1766 4197 1918 4280 conspici
1940 4196 2094 4263 doctrina
2119 4190 2203 4263 ii'dei

186 4294 263 4340 nem
286 4274 492 4340 remissionis
513 4286 742 4360 peccatorum,
763 4297 861 4363 quam
881 4273 989 4364 legem
1012 4274 1165 4345 facimus.
1242 4291 1352 4358 osset,
1396 4281 1482 4344 inter
1520 4292 1634 4365 partes
1672 4283 1901 4368 poenitenciae
1939 4282 2197 4349 numerauimus.

272 4360 470 4439 Postremo,
499 4362 632 4445 quando
655 4362 718 4429 erit
740 4375 860 4446 pacata
882 4364 1110 4444 conscientia,¹
1129 4364 1167 4430 Si
1217 4300 1303 4431 Korn
1323 4361 1381 4431 illa
1403 4366 1511 4441 dicta,
1556 4386 1619 4433 uae
1641 4369 1881 4435 contricionem
1901 4379 1960 4435 aut
1982 4371 2071 4435 hona
2094 4387 2203 4453 opere

185 4446 262 4512 ideo
284 4448 467 4532 accipimus
489 4448 719 4513 remissionem
740 4459 974 4533 peccatorum,
1001 4451 1080 4536 quia
1100 4470 1165 4517 nos
1217 4452 1407 4537 requirunt,
1440 4463 1475 4518 et
1501 4473 1523 4516 n
1593 4474 1625 4518 m
1654 4452 1731 4521 lidei
1759 4454 1968 4520 iustificantis
1992 4453 2200 4521 mencionem

186 4528 365 4636 diliqimns,
387 4544 444 4598 aut
465 4529 576 4618 legem
602 4530 766 4600 facimust
798 4536 937 4622 Semper
958 4537 1044 4601 enirn
1068 4555 1166 4602 acau-
1216 4533 1353 4611 laciunt
1375 4534 1565 4624 periculosa
1586 4558 1678 4617 esse,
1698 4560 1756 4606 res
1776 4541 1852 4625 ipsa
1868 4540 2025 4607 ostendit.
2064 4537 2109 4605 Et
2128 4560 2198 4607 rne-

185 4619 276 4683 sabtt
295 4636 359 4681 nos
381 4614 448 4696 lex,
471 4618 549 4703 quia
570 4638 738 4707 nunquam
760 4617 827 4707 legi
841 4619 906 4688 Dei
928 4617 1164 4706 satisfacimus,
1216 4625 1280 4689 rito
1308 4624 1490 4690 desiderari
1517 4623 1701 4711 prudencia
1731 4625 1766 4690 in
1792 4627 1868 4692 istis
1895 4637 2009 4711 potest
2033 4627 2091 4712 qui
2119 4644 2198 4693 cen·

185 4700 281 4770 Sicut
301 4702 407 4788 inquit
427 4700 565 4770 Paulus.
609 4704 682 4771 Lex
709 4707 792 4772 iram
815 4718 990 4790 operatur,
1017 4704 1166 4795 Chryso·
1216 4719 1313 4774 tanes
1324 4706 1402 4776 illos
1413 4712 1657 4777 sentenciarum
1674 4722 1707 4778 et
1719 4712 1927 4780 decretorum
1939 4724 2201 4800 mugessemm,

185 4790 509 4874 stomusqnaeritde
528 4793 750 4875 poenitencia,
772 4793 955 4860 vndecerti
976 4794 1164 4873 reddamur,
1213 4792 1300 4859 Nam
1328 4816 1404 4863 cnm
1425 4794 1543 4863 Patres
1572 4793 1658 4863 allas
1687 4797 1729 4864 de
1754 4795 1822 4865 elia
1842 4811 1938 4885 purte
1964 4797 2200 4887 poenitenciae

184 4885 323 4959 peccata
353 4875 450 4940 nobis
475 4878 618 4944 remim
646 4897 736 4946 esse.
782 4878 952 4954 Quaerunt
978 4890 1013 4947 et
1032 4880 1066 4946 in
1087 4898 1164 4946 sen·
1214 4876 1411 4967 loquantur,
1432 4903 1500 4951 nou
1521 4892 1648 4949 tautum
1669 4884 1712 4950 de
1732 4904 1799 4950 vua
1819 4898 1931 4970 parte,
1958 4887 2021 4952 sed
2040 4885 2084 4951 de
2105 4894 2197 4951 vtra-

837 4974 870 4993 '·
1173 4986 1176 4991 ·
1215 4987 1300 5054 que,
1322 4964 1389 5034 hoo
1410 4983 1481 5050 est,
1504 4969 1548 5037 de
1569 4970 1777 5039 contricione
1799 4982 1834 5039 et
1853 4971 1938 5053 fide,
1957 4989 2141 5059 excerpere
2162 4980 2202 5037 et
2268 4999 2271 5003 ·

185 5161 233 5228 at)
250 5160 339 5233 einh]
355 5162 407 5219 ild.
423 5169 467 5219 ta
483 5168 570 5219 umas
921 5236 925 5243 ¹

185 5248 233 5312 hh)
250 5250 376 5317 noem]
392 5250 474 5304 Bdltt.
493 5252 587 5303 ΗΛ
604 5267 678 5306 eum
1213 5256 1262 5328 ll)
1280 5257 1424 5328 timent]
1440 5258 1491 5314 Ed.
1509 5263 1549 5315 t:
1568 5262 1701 5327 ducent,

185 5332 234 5400 Ἀ)
250 5332 380 5404 honines]
397 5337 448 5390 itt.
466 5339 510 5391 4.ι
525 5337 659 5391 buren
1213 5344 1262 5411 ¹0)
1280 5344 1412 5417 tucos}
1427 5346 1478 5399 td
1495 5346 1681 5402 &edisserere
