4786 6210
254 429 318 499 ne
2082 381 2091 397 ’
2200 426 2264 499 no

701 428 814 498 Plllls
836 426 1153 497 777716-607777776
1174 425 1442 503 Boumatos
1463 425 1523 497 B'P
1543 425 1815 495 erubuisse.

253 618 437 685 secundum
466 614 608 683 sormam
634 619 736 696 iuris,
765 620 858 683 iuxta
882 615 1131 684 ecclesiasticas
1156 635 1240 683 sam.
1282 615 1396 700 quiin
1417 610 1564 699 qnalibet
1584 615 1757 698 provincia
1780 634 1887 699 usque
1916 616 1960 680 ad
1981 634 2045 681 nos
2068 617 2122 699 pic
2151 627 2186 681 67
2212 636 2266 682 re·

253 696 400 782 ctiones,
424 716 526 788 atque
553 705 705 780 decreta,
735 705 857 789 ubique
879 705 913 769 in
941 705 1022 768 orbe
1051 700 1231 767 christiano
1283 699 1404 786 ligiose
1425 710 1502 764 sunt
1524 700 1699 778 custoditi,
1714 702 1768 776 77)
1796 719 1930 785 qunque
1960 699 2132 802 Principes
2147 704 2200 781 77)
2229 712 2265 769 67

253 789 418 854 hactenus
434 791 487 865 78)
521 790 719 866 observata,
752 802 911 867 vocatur,
947 809 1015 852 non
1047 787 1233 853 secundum
1283 785 1438 851 ciuitates
1454 788 1506 861 77)
1525 785 1558 848 76
1580 787 1653 850 suis
1670 788 1722 863 ⁷⁶)
1745 786 1899 851 dominiis
1928 798 1961 850 et
1990 787 2263 865 distnctibus⁷⁷)

255 874 463 940 lcrobiticam
478 878 532 949 77)
561 876 787 951 vocationem,
823 894 885 940 seu
912 870 1020 956 plebis
1049 869 1232 949 tumultum,
1282 868 1474 950 laciant⁷⁸)
1496 871 1683 948 observari,
1705 881 1756 949 67,
1778 873 1808 935 si
1829 873 1885 956 qui
1901 875 1954 950 77)
1976 892 2019 937 ex
2045 867 2113 943 illis
2141 869 2265 939 luerint

254 981 297 1024 ac
311 964 363 1035 77)
386 957 567 1042 quamlibet
588 955 687 1022 aliurn
704 959 925 1024 inordinatam
937 960 1163 1033 intrusionem,
1178 960 1231 1032 ⁶¹)
1282 955 1481 1033 intermissi,
1510 966 1548 1020 ut
1569 958 1707 1021 eosdem
1735 957 1922 1035 restimant,
1937 960 1991 1034 7ο)
2024 970 2125 1042 atque
2153 960 2266 1027 omnis

255 1049 389 1120 66677)
424 1056 563 1109 vocatus
578 1047 631 1119 77)
664 1043 750 1108 sicut
783 1045 909 1109 Aaron.
965 1043 1001 1107 ln
1029 1044 1094 1108 hac
1119 1043 1232 1126 itaque
1283 1044 1374 1109 iuxta
1403 1041 1574 1124 pristinam
1608 1039 1750 1107 formam
1778 1043 1814 1106 in
1841 1040 1995 1108 ecclesiis
2023 1044 2094 1109 suis
2122 1041 2264 1122 7766777)

256 1131 422 1194 sententia
450 1126 619 1192 confessio
650 1139 862 1212 acceptatum
892 1129 1091 1193 admonendi
1122 1139 1232 1192 tamen
1283 1126 1454 1205 ordinent,
1487 1128 1683 1210 disponant,
1719 1130 1886 1211 arquc⁸²)
1923 1148 1999 1194 curn
2031 1127 2152 1195 effectu
2181 1130 2264 1195 sub-

256 1218 421 1293 sunt,⁶⁴)
450 1224 486 1278 ut
517 1215 550 1278 in
583 1232 625 1277 ea
658 1224 890 1295 perseverent,
923 1217 1027 1291 6777)
1058 1213 1233 1289 nerninem,
1256 1189 1262 1240 ¹
1283 1211 1360 1277 ditis
1392 1213 1677 1294 praecipiant⁸³t
1719 1212 1898 1295 Appendix
1930 1227 2040 1281 tamen
2068 1210 2158 1280 illius
2184 1215 2264 1280 arti-

255 1319 364 1386 neque
395 1298 586 1374 Pastorem,
618 1318 725 1385 neque
758 1301 1049 1376 concionstorem,
1078 1299 1142 1363 nisi
1170 1299 1233 1363 rite
1283 1293 1418 1374 cnli⁸⁴)
1441 1299 1575 1361 omnino
1596 1294 1746 1363 tollenda
1758 1309 1821 1376 est,
1838 1296 2117 1376 cumsalsunrsst)
2139 1299 2265 1379 sit,⁸⁶)

256 1386 476 1462 vocatum-in
499 1384 676 1449 ditionibus
700 1386 771 1451 suis
794 1385 977 1449 admittant
994 1388 1049 1460 77)

548 1623 621 1701 [Ar
642 1626 759 1688 artic.
780 1621 939 1702 xviv)
1022 1604 1025 1609 ’

342 1775 431 1840 Dum
463 1795 545 1841 vcro
577 1773 717 1842 articulo
753 1776 882 1841 decimo
923 1778 1037 1861 quinto
1073 1776 1234 1841 confiten-

255 1873 326 1939 tur,
342 1865 394 1937 77)
433 1863 517 1925 ritus
533 1865 586 1939 77)
626 1859 879 1926 ecclesiasticos
912 1863 1233 1939 conservandorum)

256 1967 345 2024 esse,
364 1948 418 2030 qui
441 1948 514 2010 sinc
535 1959 677 2029 peccato
701 1949 831 2011 servari
853 1959 1012 2031 possunt,
1035 1959 1070 2011 et
1090 1957 1233 2032 prosunt

254 2032 298 2096 ad
330 2030 602 2115 tranquillitatem
635 2035 737 2109 et⁷¹)
776 2034 898 2097 bouum
931 2033 1077 2097 ordinem
1111 2033 1144 2095 in
1179 2051 1233 2100 ee·

255 2115 371 2194 clesia,
395 2128 596 2200 acceptatur,
621 2117 816 2181 admonendi
841 2137 886 2182 66
907 2129 998 2194 sunt,
1019 2130 1057 2182 ut
1073 2118 1155 2182 ritus
1178 2137 1233 2181 ec·

257 2199 466 2267 clesiastieos
483 2205 534 2278 77)
574 2216 640 2265 tam
677 2204 832 2267 universa
848 2204 876 2265 ‘s
915 2200 1102 2280 ecclesiae,
1134 2220 1233 2286 quarn

251 2372 464 2387 m

254 2490 302 2565 ei)
320 2487 457 2553 hactenus]
475 2491 503 2539 e'rr
519 2489 627 2554 Pilug.
646 2489 722 2541 deest.
749 2490 847 2554 (6766,
866 2510 901 2539 =
918 2490 1028 2556 Desa.)

253 2574 302 2639 69)
321 2572 498 2641 Ierobiticam]
508 2576 544 2624 rie
557 2576 666 2635 Desa,
682 2573 835 2633 Franck.,·
854 2575 966 2637 chytr.
976 2588 983 2626 t
993 2574 1233 2637 leroboamiticam,·

322 2643 662 2759 ῗαῖξθὲἰὶἓέὼειιηιῆἰοιιω,
673 2641 795 2704 Pilum,
807 2641 906 2693 Mon:
917 2642 1099 2693 Ieroboiticem
1105 2660 1115 2702 ,·
1123 2641 1232 2693 uren:

252 2793 302 2862 60)
321 2795 365 2858 66]
382 2792 511 2858 06776,
528 2794 638 2856 77666,
655 2795 753 2845 76667
770 2802 815 2844 667

253 2879 303 2947 61)
320 2895 352 2929 ac
369 2880 512 2944 quamlibet
529 2882 609 2931 uliam
624 2881 713 2931 inord.
729 2880 921 2948 intrusionem]
938 2878 1063 2945 Pilum:
1083 2888 1174 2946 etqua
1184 2883 1230 2931 eli·

322 2948 380 3013 quis
407 2964 436 2998 se
458 2950 541 3014 ipsum
565 2951 713 3012 intruserit,
740 2948 839 3013 (7766.
857 2971 894 2999 =
916 2947 1023 3012 Desa,
1047 2957 1151 3019 6666676
1173 2965 1231 3001 voce

322 3031 366 3078 sc,
383 3017 455 3066 cuius
473 3019 525 3068 loco
543 3016 628 3070 660677
647 3018 705 3083 667)
791 3049 794 3054 -

252 3100 301 3166 67)
320 3100 385 3166 non]
405 3101 512 3153 66667
530 3117 578 3151 666

252 3187 301 3251 63)
320 3186 498 3247 intrusionem,
516 3200 570 3235 non
588 3185 707 3254 vocatus]
725 3188 851 3253 Chytm
870 3190 1048 3239 intrusionem.
1067 3188 1151 3239 Nemo
1162 3191 1231 3241 enim

322 3256 399 3302 sumit
416 3255 466 3304 sibi
484 3254 617 3316 bonorem,
634 3257 685 3306 nisi
702 3264 810 3306 vocatus

252 3340 301 3407 64)
319 3341 350 3389 76
367 3339 418 3388 666
435 3341 523 3403 ituque
540 3342 668 3389 sententia
685 3342 887 3393 —admoneudi
905 3349 992 3395 767666
1011 3340 1090 3406 sunt]
1106 3340 1230 3404 Piluga

322 3408 354 3458 In
378 3407 428 3457 bac
453 3411 541 3473 utique
567 3410 698 3457 sententia
724 3409 915 3460 confessionem
939 3411 1089 3475 Principum
1113 3418 1232 3474 acceptet

321 3491 370 3525 aus
386 3475 424 3526 67.
442 3483 472 3525 67
488 3475 608 3525 hortatur
631 3492 661 3526 nc
685 3477 800 3538 mandat,
822 3478 922 3531 bion:
945 3478 976 3529 In
993 3478 1044 3529 hac
1068 3481 1155 3543 utique
1173 3493 1232 3527 sen-

322 3547 405 3594 tentia
431 3544 622 3594 contemtorem
644 3542 793 3610 Principum
821 3553 939 3612 acceptat
961 3562 1009 3597 sua
1031 3547 1069 3598 M.
1094 3555 1120 3596 et
1142 3546 1230 3597 hortu·

322 3620 365 3662 tur
382 3627 428 3661 eos

252 3697 301 3763 66)
319 3695 360 3763 67]
377 3697 505 3762 06776,
522 3697 622 3750 lion:
640 3706 667 3747 67

226 3821 228 3825 -
252 3782 348 3850 tetur
373 3785 400 3833 in
425 3798 456 3832 ca
475 3792 655 3850 perseverent,
680 3812 713 3823 -
734 3782 891 3853 admittant]
918 3784 1041 3849 Perage
1067 3793 1094 3834 67
1117 3786 1185 3847 bspc
1203 3787 1231 3835 in

323 3851 447 3901 dominiis
465 3851 557 3902 effectu
575 3853 653 3901 etiam
669 3862 866 3918 persequantur,
884 3860 913 3902 ut
931 3855 1076 3914 animorum
1099 3852 1182 3904 curati
1200 3869 1231 3903 ac

323 3920 404 3968 divini
422 3920 494 3969 verbi
513 3920 707 3983 praedicatores
724 3926 773 3972 rite
792 3930 918 3972 vocentur
942 3930 968 3971 et
992 3925 1132 3988 canonice,
1155 3924 1231 3973 iuxta

324 3989 461 4036 canonicas
479 3990 625 4037 sanctiones
643 4003 674 4037 ac
691 3992 843 4040 universalis
870 3992 994 4040 acclesiae
1018 3991 1249 4042 consuetudinem·

324 4062 350 4104 et
377 4055 584 4105 observationem
613 4058 788 4107 instituuntur.
820 4058 917 4122 (Mon.
944 4078 979 4106 =
1005 4059 1096 4110 D'ess.
1127 4066 1232 4127 marte

322 4138 381 4172 soce
398 4131 424 4171 et
437 4139 485 4189 pro
503 4131 544 4185 ut,
562 4125 589 4173 e's
602 4125 720 4190 praeced.
739 4131 798 4174 cota
815 4128 973 4193 memorata.)

253 4206 301 4274 67)
319 4208 363 4257 116
381 4215 430 4259 art.
449 4207 522 4273 XV.]
541 4210 633 4260 coel.
651 4210 678 4258 in
700 4211 815 4276 inscript.
839 4208 911 4263 lats
937 4225 1049 4278 usqum:
1073 4212 1115 4263 De
1137 4214 1230 4263 ritibus

321 4276 462 4337 Ecclesiae,
480 4277 537 4327 itan
553 4277 677 4342 Ptine:
695 4278 737 4328 De
755 4280 847 4330 ritibus
864 4280 1055 4331 ecclesiasticis.

253 4360 303 4428 66)
319 4361 495 4427 confitentum]
521 4361 639 4426 Pilum:
664 4363 819 4414 conlitentur
844 4365 1000 4430 Principes,
1025 4363 1126 4419 Hom:
1154 4366 1230 4417 Ptin·

321 4430 393 4494 cipes
410 4430 574 4492 confitentur,

252 4512 301 4578 66)
318 4513 395 4580 ritus]
413 4513 922 4580 chytr.,1rsbr.,er1ng.,uon:
940 4522 1005 4570 ritus
1023 4519 1084 4569 illoa

253 4600 300 4666 70)
318 4592 522 4666 conservandos]
545 4599 666 4666 Chytr.:
684 4603 840 4666 servandos,
857 4604 965 4667 17666,
983 4605 1107 4671 Prrug„
1130 4600 1228 4658 67667

319 4668 497 4719 observandos

252 4752 300 4820 77)
318 4751 356 4817 67]
374 4754 483 4806 Fabiu:
501 4760 528 4802 et
543 4753 578 4804 sd

253 4840 301 4906 72)
319 4840 708 4906 acceptatur,ad1nonendique
729 4848 802 4904 sunt,
823 4849 853 4891 67
874 4846 938 4894 ritus
962 4822 1167 4910 ecclesiasticos]
1191 4847 1229 4895 sic

322 4907 451 4970 libyen,
472 4906 624 4970 7766666,
646 4911 736 4971 Hem
759 4909 866 4965 Desa:
889 4921 1051 4978 acceptatur,
1070 4914 1228 4967 admonendi

321 4983 389 5035 sunt,
407 4976 611 5039 ecclesiasticos,·
628 4976 732 5032 176667
749 4987 908 5045 acceptatur,
924 4976 1144 5048 Admoncndique
1159 4988 1227 5044 6667,

322 5052 352 5091 nr
368 5045 431 5093 ritus
450 5044 644 5111 &clemestram
662 5045 787 5111 7777667
809 5050 840 5100 c.
859 5048 898 5100 77,
919 5049 990 5099 bunc
1015 5051 1153 5100 6677667666
1172 5052 1228 5099 nen

321 5113 399 5175 piane
417 5113 539 5174 admirer,
557 5128 604 5163 nec
622 5116 824 5179 rerumrerum,
841 5131 876 5166 ss
892 5118 963 5183 qnod
979 5118 1101 5182 plurime·
1112 5117 1227 5173 retem·

255 5234 259 5243 ,
320 5186 362 5231 tur
379 5179 536 5235 6716767667.
551 5197 633 5247 mem,
650 5185 773 5247 questam
789 5185 924 5251 Principes
939 5186 1007 5241 rius
1028 5185 1226 5243 &eluimus
1276 5238 1281 5246 .

254 5293 260 5301 .
296 5294 300 5303 .
321 5248 625 5331 se,ordinutos,‚psetim
640 5250 658 5301 s
674 5260 794 5318 tempore
809 5254 996 5321 Apostolorum
1009 5268 1096 5325 'usque
1118 5255 1154 5313 66
1176 5270 1226 5305 nos

322 5315 480 5381 7776666767
492 5321 589 5385 retem
604 5319 644 5385 77,-
691 5322 1160 5389 ‘immiserintimmiseurint
1178 5325 1226 5374 in-

1284 1383 1539 1448 constitutiones
1571 1383 1757 1461 humanas,
1788 1383 1833 1446 ad
1864 1382 2064 1468 placandum
2088 1381 2199 1449 Deum
2229 1395 2265 1451 et

1283 1463 1553 1533 “deficiendum
1574 1490 1636 1553 pro
1655 1470 1803 1551 peccatis
1822 1468 2001 1548 institutes,
2015 1473 2068 1548 77)
2090 1471 2263 1535 adversari

1283 1551 1474 1638 cvangelio,
1497 1555 1544 1619 uti
1558 1557 1612 1629 77)
1635 1556 1677 1618 66
1698 1555 1799 1631 votis,
1816 1554 1860 1641 de
1875 1553 2009 1621 delectu
2023 1557 2077 1633 77)
2100 1556 2263 1633 ciborum,

1284 1648 1318 1702 et
1338 1637 1515 1716 similibus,
1536 1639 1705 1722 posterius
1726 1636 1827 1704 latius
1850 1639 2083 1707 declarabitur.
2100 1644 2155 1720 77)

1572 1874 1647 1955 [Ad
1666 1877 1786 1941 artic.
1803 1875 1910 1957 xvi]
1925 1881 1979 1958 ⁹¹)

1369 2026 1530 2094 Decimus
1552 2039 1669 2094 sextus
1688 2028 1847 2096 articulus
1876 2031 1917 2095 66
1946 2032 2195 2118 magistratibus
2218 2033 2262 2099 ci·

1355 2269 1526 2329 mutaverint,
1553 2270 1714 2318 extinxerint
1740 2270 1823 2330 alius,
1850 2283 1914 2333 quos
1941 2285 2029 2319 omnes
2052 2274 2169 2335 persequi
2196 2281 2267 2322 esset

1353 2336 1541 2399 longissimum.
1576 2339 1612 2386 Ut
1629 2345 1714 2386 autem
1732 2338 1815 2387 omnis
1839 2337 1966 2387 dubitatio
1991 2347 2150 2404 amputetur,
2174 2340 2264 2390 decre-

1353 2406 1392 2453 vit
1408 2419 1485 2453 sacra
1507 2413 1532 2453 et
1543 2406 1686 2476 ἱ6677767766
1703 2403 1733 2456 C.
1751 2404 1788 2455 M.
1813 2407 1886 2455 iures
1907 2408 2037 2471 utriusque
2057 2408 2121 2459 iuris
2146 2416 2264 2473 receptes

1354 2474 1563 2534 constitutiones,
1583 2484 1611 2523 ut
1627 2477 1690 2523 ritus
1710 2474 1917 2539 ecclesiasticos;
1935 2475 2034 2527 Mon:
2060 2472 2146 2526 (7.16.
2170 2477 2262 2542 Impri-

1353 2544 1401 2590 mis
1419 2547 1546 2605 acceptat,
1565 2550 1591 2590 et
1610 2543 1672 2602 vult,
1691 2550 1719 2590 ut
1736 2544 1800 2591 ritus
1820 2543 1986 2593 ecclesiastici

1286 2625 1332 2689 73)
1350 2626 1392 2688 pie
1410 2636 1437 2675 et
1454 2627 1576 2688 religioso
1594 2635 1654 2674 sunt
1672 2625 1815 2691 custoditi,]
1840 2628 1964 2692 estun:
1988 2638 2049 2679 eunt
2071 2631 2194 2680 custoditi
2218 2631 2264 2696 ple

1354 2708 1385 2742 ac
1402 2696 1534 2757 religiose,
1551 2693 1647 2747 uon:
1667 2697 1710 2759 pie
1727 2710 1758 2744 ac
1776 2697 1900 2759 religiose
1918 2704 1978 2747 sunt
1995 2699 2126 2766 custoditi,

1284 2777 1331 2844 77)
1350 2791 1453 2842 qnoque
1471 2778 1614 2844 Principes]
1633 2782 1670 2830 sic
1693 2780 1801 2841 Desa,
1821 2772 1967 2833 77666617.
1975 2801 1989 2849 ,·
2007 2782 2116 2845 6666,
2134 2784 2261 2847 7771667

1351 2848 1402 2925 ipsi
1426 2848 1577 2912 Principes,·
1601 2848 1725 2912 Chytr„
1750 2850 1842 2918 7766,
1865 2851 1965 2904 uon:
1988 2855 2038 2918 ipsi
2060 2868 2163 2918 quoque
2185 2853 2259 2902 Prin·

1353 2928 1427 2980 arpes-
2076 2938 2079 2947 ·
2233 2944 2237 2949 ·

1283 2999 1331 3065 76)
1350 2999 1518 3066 etcivitstes]
1536 3002 1565 3051 s's
1579 3001 1708 3065 Pilum,
1726 3002 1813 3054 1766.
1832 3002 1937 3054 noudum
1954 3005 2075 3072 lequatrrr.

1284 3083 1330 3150 76)
1349 3085 1413 3151 suis]
1432 3086 1557 3151 Pilug.:
1576 3101 1666 3136 eornm
1694 3086 1792 3151 (6766.
1809 3105 1845 3135 τ..-
1861 3089 1969 3156 Dese.)

1282 3171 1329 3238 rr)
1348 3179 1375 3221 6
1391 3170 1562 3238 mersu]
1578 3173 1701 3237 errae:
1720 3174 1851 3234 uenae,
1869 3173 1971 3231 uon:
1989 3177 2112 3228 meroe
2163 3154 2171 3170 ⁰

1282 3255 1331 3322 76)
1348 3257 1457 3324 iactant]
1474 3257 1557 3309 7766.
1576 3258 1666 3309 cctam
1682 3273 1779 3313 erere:
1797 3262 1898 3311 faciunt

1282 3340 1337 3410 76)Ι
1349 3350 1382 3404 67,
1400 3342 1495 3409 siqui]
1514 3344 1640 3409 Chytr.:
1659 3345 1694 3394 let
1710 3347 1776 3411 ipsi,
1794 3347 1839 3411 qni

1284 3429 1330 3495 60)
1349 3431 1501 3492 intermissi,
1523 3436 1553 3479 ut
1570 3430 1678 3480 eosdem
1695 3430 1854 3496 restituant}
1872 3430 1997 3495 7777667
2015 3432 2170 3493 intermissi,
2186 3445 2259 3483 msu-

1352 3499 1397 3549 dat
1414 3498 1444 3548 C.
1464 3497 1512 3560 lt,
1534 3507 1563 3547 67
1585 3498 1723 3563 Principes
1747 3500 1814 3548 sicut
1840 3499 1990 3549 obedientes
2011 3499 2059 3548 lilii
2084 3500 2209 3551 ecclesiae
2233 3508 2262 3551 67

1351 3564 1429 3683 7766)).
1447 3564 1548 3702 77663677
1564 3566 1679 3616 membra
1697 3565 1853 3628 obedientis,
1871 3567 1975 3616 eosdem
1994 3569 2141 3628 restituant,
2159 3567 2260 3632 (7766.

1351 3652 1387 3682 =
1437 3648 1496 3685 ess.

1284 3719 1331 3785 61)
1349 3716 1417 3787 fieri]
1435 3721 1461 3769 in
1479 3720 1602 3782 unua,
1620 3718 1702 3770 Mon.
1721 3719 1795 3771 66667.

1283 3805 1331 3870 67)
1349 3804 1438 3869 atque]
1456 3804 1578 3868 Pilum,
1595 3803 1694 3856 Mon:
1713 3819 1744 3852 ac

1284 3890 1331 3955 66)
1349 3887 1529 3955 praecipiant]
1547 3889 1648 3939 77667
1666 3889 1833 3952 praecipient.
1900 3899 1903 3905 ·

1284 3975 1330 4040 64)
1348 3975 1418 4026 illius
1435 3972 1552 4040 articuli]
1570 3971 1696 4036 betr.:
1713 3973 1819 4023 mticuli
1837 3972 1906 4022 illius

1283 4061 1330 4126 66)
1348 4058 1453 4125 menn]
1472 4060 1599 4122 0bptr.:
1616 4057 1684 4108 6666

1283 4147 1332 4212 66)
1347 4146 1488 4210 Appendix
1506 4150 1595 4192 766667
1610 4168 1644 4179 -
1662 4158 1721 4193 oum
1737 4141 1903 4209 7616676777]
1925 4143 2054 4210 Pilum:
2076 4147 2257 4211 Appendicem

1351 4220 1438 4262 sutem
1454 4213 1557 4262 articuli
1581 4210 1699 4262 7117660.
1718 4211 1756 4262 M.
1781 4213 1887 4262 omrrino
1908 4214 1990 4275 tollit,
2015 4221 2041 4262 et
2062 4229 2112 4279 pro
2135 4216 2258 4266 66666676

1351 4281 1444 4341 babet,
1470 4287 1497 4328 et
1524 4280 1672 4345 Principes,
1697 4287 1726 4329 ut
1753 4295 1771 4331 6
1794 4283 1841 4331 tali
1863 4282 1988 4332 desistere
2010 4283 2107 4342 velint,
2129 4283 2257 4336 hortatur.

1349 4349 1452 4399 Pulsum
1470 4349 1538 4396 enim
1557 4356 1624 4398 esset
1642 4357 1668 4398 et
1685 4362 1828 4410 erroneum,
1853 4351 1947 4402 67667
1969 4352 2150 4416 Appendicem
2171 4359 2259 4402 767666

1309 4448 1311 4453 »
1349 4416 1453 4468 67776617
1470 4417 1540 4467 illius
1564 4415 1593 4471 C.
1611 4417 1650 4467 M.
1675 4420 1779 4469 omnino
1802 4419 1885 4482 tollit,
1912 4428 1939 4470 67
1959 4434 2007 4486 pro
2025 4422 2147 4473 66766676
2170 4420 2258 4476 basse

1286 4520 1289 4527 .
1349 4484 1453 4537 usuum
1470 4486 1540 4539 enin
1557 4493 1597 4537 est
1613 4497 1641 4536 ct
1657 4499 1803 4552 erroneum,

1202 4546 1209 4551 ’
1281 4573 1329 4637 er)
1346 4570 1500 4637 meam]
1518 4573 1556 4622 aa
1573 4573 1646 4623 eras
1662 4572 1762 4634 reone
1782 4573 1908 4637 cnytrn
1932 4574 2078 4636 rummor,·
2097 4575 2124 4624 e
2146 4573 2256 4638 rrius.

1348 4641 1424 4692 66667.

1279 4727 1328 4793 66)
1344 4724 1395 4792 uti]
1412 4725 1541 4791 Clupea:
1559 4732 1588 4774 m

1279 4810 1328 4880 66)
1347 4812 1380 4861 de
1397 4809 1511 4877 delectu]
1530 4809 1638 4873 776667
1656 4826 1704 4861 usu

1280 4896 1328 4964 60)
1345 4897 1384 4946 uti
1403 4896 1573 4947 devotis-
1596 4896 1673 4946 letius
1699 4895 1895 4963 666166661766]
1918 4896 2040 4963 Prien:
2065 4907 2095 4948 nt
2120 4898 2149 4950 S.
2167 4898 2197 4949 0.
2216 4897 2256 4950 67.

1349 4966 1382 5015 66
1400 4968 1480 5028 votis,
1498 4967 1531 5015 de
1550 4965 1651 5015 delectu
1674 4966 1792 5016 ciborum
1814 4973 1839 5015 et
1863 4967 1999 5028 similibus,
2022 4969 2152 5030 posterius
2174 4967 2256 5017 tutius

1313 5048 1316 5053 ·
1348 5034 1500 5086 declarabit·
1523 5033 1705 5085 Abseindetur-
1724 5048 1787 5099 ergo
1814 5037 1946 5100 appendix
1975 5037 2022 5085 ills
2042 5050 2059 5084 6
2082 5035 2256 5098 confessione,

1347 5104 1369 5154 si
1387 5104 1482 5153 debeat
1504 5102 1633 5154 66766666
1656 5110 1682 5151 67
1704 5119 1762 5153 esse
1785 5111 1811 5152 67
1832 5104 1954 5169 reputari.
1990 5101 2090 5155 67667
2118 5111 2148 5152 67
2169 5102 2198 5156 S.
2223 5102 2255 5157 O.

1345 5171 1384 5223 76
1403 5173 1436 5222 66
1453 5173 1536 5230 votis,
1550 5173 1584 5222 66
1600 5172 1705 5222 delectu
1722 5172 1838 5223 ciberum
1856 5180 1882 5223 et
1898 5172 2040 5231 similibus,
2064 5174 2193 5235 purtem
2211 5173 2257 5222 'le-

1346 5242 1401 5290 ctus
1419 5240 1572 5292 declarabit.
1850 5264 1852 5268 ·
2210 5276 2212 5281 .

1275 5325 1324 5392 61)
1341 5325 1385 5376 Ad
1410 5332 1459 5374 ure
1478 5324 1567 5391 xm
1590 5324 1680 5385 Geel.
1702 5266 1863 5399 67666767.
1885 5323 1983 5383 asts
2005 5323 2052 5379 so·
2074 5339 2189 5390 mun-t
2209 5284 2256 5385 ll·
