4756 6194
99 392 167 461 553
451 398 491 466 ll.
533 396 765 466 APOLOGlA
787 395 1105 465 consessionis
1127 396 1445 505 AUGUSTANAE.
1488 402 1529 468 B.
1572 399 1762 468 ALTERA.
2045 399 2113 466 554

102 585 307 670 coniungere
323 587 514 653 sentencias
532 583 726 673 profuisset.
759 584 845 649 Nam
856 583 1082 651 Tertullianus
1106 595 1110 671 j
1133 586 1285 652 remissio
1307 600 1541 671 peccatorum,
1568 604 1625 655 aut
1654 598 1807 673 potestas
1831 582 1971 652 clauium
1992 586 2114 653 intolli-

101 672 237 819 qlgregie
265 672 401 737 deiide
424 672 589 757 loquitur,
621 668 829 756 amplificans
856 671 1083 735 iusiurandum
1106 724 1110 799 Ι
1133 683 1234 821 ἓιιηῑ,
1263 673 1292 736 si
1321 676 1376 757 qui
1405 675 1568 759 priuatam
1594 671 1852 740 Absolutionem
1882 686 2112 757 aspernantur.

1107 806 1110 849 ι

102 755 111 772 ”
142 756 185 819 ud
214 756 300 840 apud
324 757 536 843 Prophetam.
582 758 669 823 Viuo
693 776 775 842 ego,
804 756 884 821 dicit
905 755 1082 836 Dominus,
1162 768 1307 823 aeterum
1321 760 1363 823 de
1375 764 1620 827 enumeratione
1636 755 1832 825 delictorum
1851 758 1884 821 in
1900 757 2114 825 confessione

101 838 183 906 nolo
206 854 345 908 mortem
368 845 577 926 peccatoris,
605 845 667 907 sed
695 854 731 907 vt
752 845 1021 917 connectatur²⁹l
1051 855 1084 907 et
1133 863 1236 926 supra
1257 844 1408 923 diximus,
1432 849 1522 931 quod
1543 848 1732 911 senciamus
1756 864 1830 907 earn
1851 864 1919 908 non
1942 860 2020 909 esse
2042 847 2114 911 iure

102 929 206 992 viuat.
256 927 343 1000 Quia
375 930 461 993 enim
493 932 579 994 iurat
606 928 718 1006 Deus,
748 925 839 994 nolle
873 947 912 992 se
944 940 1082 993 mortem
1134 929 1245 993 diuino
1258 933 1497 1013 necessariam,
1518 934 1604 999 Nam
1615 932 1704 1017 «quod
1725 928 1883 1013 abijciunt
1896 931 2040 1016 quidam,
2062 931 2114 996 lu·

102 1016 309 1100 peccatoris,
337 1017 483 1079 ostendit
503 1015 628 1100 requiri
655 1013 773 1092 iidem,
805 1025 842 1079 vt
869 1015 988 1079 iuranti
1012 1014 1091 1080 cre·¹
1134 1015 1241 1079 dicem
1263 1017 1354 1097 prius
1377 1019 1499 1083 debere
1523 1035 1733 1103 cognoscere
1752 1035 1900 1093 causam,
1921 1018 2116 1101 prinsquam

104 1101 241 1174 damus,
270 1111 303 1163 et
330 1112 422 1165 certo
452 1113 636 1167 statuamus
664 1120 740 1165 eum
769 1100 865 1163 nobis
895 1100 1083 1185 ignoscere.
1134 1101 1342 1185 pronunciat,
1364 1102 1431 1168 hoc
1449 1104 1529 1169 nibil
1551 1105 1595 1167 ad
1612 1101 1701 1167 banc
1716 1121 1787 1165 rcm
1803 1103 1961 1184 pertinet,
1985 1104 2116 1188 ³⁴)quia

102 1183 227 1269 Magna
250 1185 348 1250 debet
370 1206 449 1251 esse
471 1189 634 1252 autoritas
652 1185 740 1270 apud
751 1204 814 1249 nos
827 1187 1084 1269 promissionum
1134 1187 1347 1252 ministerium
1368 1187 1600 1267 absolutionis,
1622 1187 1817 1253 beneficium
1836 1199 1898 1262 est,
1919 1208 1980 1255 seu
2021 1190 2118 1269 ratic,

103 1269 286 1334 diuinarum
309 1291 369 1355 per
383 1292 471 1336 sese.
505 1272 551 1337 At
572 1271 656 1336 haec
678 1272 855 1355 promissio
879 1272 977 1336 etiam
999 1271 1083 1336 iure·
1134 1291 1202 1335 non
1226 1283 1279 1336 est
1300 1274 1453 1339 iudicium
1476 1296 1536 1343 seu
1560 1273 1626 1339 lex.
1661 1273 1775 1358 ltaque
1792 1273 1933 1338 ministri
1954 1209 2117 1340 inlecto·

101 1355 241 1421 iurando
270 1357 466 1422 confirmata
491 1368 553 1422 est.
599 1357 712 1430 Quare
739 1358 845 1442 siquis
873 1377 941 1421 non
969 1358 1083 1423 statuit
1134 1358 1185 1421 sia
1207 1355 1332 1422 habent
1358 1361 1547 1428 mandatum
1570 1360 1756 1424 remittendi
1780 1368 1937 1441 peccata,
1967 1380 2035 1424 non
2057 1360 2118 1425 ha·

104 1442 169 1506 sibi
197 1442 346 1526 ignosci,
379 1445 409 1508 is
437 1454 539 1531 negat
565 1441 674 1508 Deum
701 1462 816 1507 verum
837 1444 985 1521 iurasse,
1040 1464 1085 1508 ua
1135 1444 1215 1507 bant
1243 1445 1432 1510 mandatum
1460 1446 1688 1534 cognoscendi
1715 1441 1847 1509 occulta
1875 1455 2026 1528 peccata.
2070 1444 2114 1511 Et

102 1525 311 1610 blasphemia
346 1530 492 1595 atrocior
524 1526 617 1593 nulla
643 1528 825 1614 excogitari
853 1540 974 1611 potest.
1026 1529 1084 1595 Sic
1136 1529 1267 1612 quidem
1300 1530 1481 1598 absoluunt
1520 1533 1563 1597 ab
1596 1531 1649 1596 his
1682 1546 1768 1616 quae
1801 1549 1869 1593 non
1901 1531 2118 1611 meminimus,

103 1615 189 1678 enim
230 1614 277 1677 ait
316 1612 552 1680 Tertullianus.
613 1613 732 1679 inuitat
768 1615 895 1697 premio
932 1612 1085 1693 salutem,
1136 1633 1240 1698 quare
1268 1613 1438 1682 absolutio
1490 1637 1552 1684 uae
1579 1629 1632 1682 est
1659 1637 1725 1681 vox
1749 1613 1921 1701 Euangelij
1945 1616 2117 1681 remittens

102 1699 217 1764 iurans
239 1701 356 1779 etiam,
385 1699 471 1767 Viuo
494 1701 678 1779 dicens,⁸⁰)
713 1700 802 1783 eupit
824 1699 886 1763 sibi
909 1701 1010 1766 credi.
1054 1698 1085 1764 0
1135 1710 1276 1783 peccata
1314 1713 1346 1765 et
1380 1723 1485 1768 conso
1499 1725 1562 1769 ans
1596 1702 1839 1784 conscientias,
1876 1722 1943 1764 non
1983 1701 2119 1784 requirit

103 1786 220 1850 beatos
249 1806 389 1869 quorum
415 1807 520 1852 causa
543 1787 631 1852 iurat
658 1785 763 1850 Dens.
809 1785 838 1848 0
866 1786 1084 1866 miserrimos,
1136 1786 1425 1871 cognitionem.³⁴)
1471 1789 1512 1853 Et
1544 1785 1718 1855 ridiculum
1752 1798 1802 1850 est
1835 1784 1902 1851 huc
1930 1786 2135 1859 transferre,

103 1871 134 1935 si
155 1890 220 1937 nec
242 1871 364 1936 iuranti
381 1870 527 1937 Domino
551 1873 728 1936 credimus.
767 1871 880 1956 Atque
900 1873 956 1937 bic
977 1873 1086 1938 scien·
1137 1873 1259 1937 dictum
1283 1869 1494 1953 Salomonis,
1522 1873 1710 1960 Diligenter
1737 1875 1962 1955 cognosceii)
1993 1870 2118 1937 vultutu

104 1958 182 2022 dum
205 1968 269 2034 est,
291 1959 381 2041 quod
403 1956 488 2023 baec
504 1958 589 2022 fides
607 1960 726 2023 debeat
742 1958 877 2036 sentire,
901 1958 991 2043 quod
1009 1979 1086 2044 gra·
1136 1958 1269 2041 pecoris
1297 1961 1354 2024 tui.
1399 1958 1490 2024 Nihil
1523 1962 1609 2025 enim
1636 1958 1715 2024 dicit
1736 1958 1896 2023 Salomon
1920 1959 1962 2022 de
1984 1957 2118 2029 confes·

103 2043 147 2107 tis
171 2043 269 2107 nobis
291 2043 448 2148 ignoscat
471 2043 565 2111 Dens
586 2055 725 2129 propter
747 2041 927 2119 Christum,
950 2055 1087 2128 propter
1135 2043 1249 2120 sione,
1282 2046 1343 2109 sed
1370 2048 1471 2110 tradit
1497 2045 1755 2111 Oeconomicum
1786 2055 1999 2127 praeceptum
2031 2044 2119 2127 patri
2207 2100 2214 2119 ,

102 2147 198 2193 suam
215 2131 483 2212 promissionem,
504 2150 572 2194 non
588 2142 726 2213 propter
742 2142 859 2193 nostra
871 2149 986 2213 opera,
1008 2150 1086 2195 con·
1136 2126 1298 2208 familias,
1326 2143 1361 2194 vt
1384 2142 1495 2197 vtatur
1514 2153 1594 2211 suo,
1617 2142 1652 2195 et
1672 2130 1840 2195 abstineat
1861 2130 1904 2193 ab
1927 2127 2052 2201 alieno,
2085 2139 2119 2193 et

102 2215 286 2287 tricionem,
305 2211 564 2294 confessionem,
587 2216 970 2291 autsatisfactiones.⁸¹)
1000 2216 1086 2280 Nam
1136 2215 1227 2280 iubet
1257 2236 1333 2281 eunt
1363 2237 1418 2281 res
1441 2238 1523 2283 suas
1551 2216 1728 2303 diligenter
1750 2234 1888 2293 curare,
1917 2214 1963 2279 ita
1992 2225 2117 2294 tamen,

103 2300 133 2364 si
166 2299 250 2364 fides
281 2302 405 2366 nitatur
436 2302 489 2368 bis
519 2304 677 2388 operibus
684 2346 694 2380 ,
734 2302 844 2366 statim
876 2298 912 2365 fit
945 2301 1086 2381 incerta,
1136 2319 1180 2365 ne
1206 2301 1317 2365 studio
1347 2303 1572 2388 augendarum
1595 2299 1806 2378 facultatum,
1836 2310 2021 2385 occupatus
2048 2299 2118 2364 anl-

103 2386 183 2471 quia
212 2386 418 2452 conscientia
464 2388 562 2454 auida
591 2388 681 2452 videt
707 2384 792 2453 baec
822 2407 925 2470 opera
951 2387 1087 2473 indigna
1137 2406 1229 2464 nius,
1258 2386 1393 2473 abijciat
1415 2390 1566 2454 timorem
1588 2386 1669 2458 Dei,
1700 2398 1757 2451 aut
1779 2385 1895 2462 fidem,
1923 2396 1981 2450 aut
2003 2405 2121 2449 euram¹

107 2490 195 2536 asse.
233 2471 312 2536 ldeo
334 2410 508 2556 praeclare
530 2475 575 2539 ait
591 2473 790 2538 Ambrosius
812 2473 855 2536 de
874 2474 1085 2555 poenitentia.
1137 2473 1232 2537 verbi
1257 2470 1333 2538 Dei·
1383 2474 1452 2540 Sed
1484 2473 1669 2557 aduersarij
1702 2473 1808 2537 nostri
1841 2470 1981 2535 mirifica
2012 2468 2119 2535 lieta-

104 2556 198 2645 Ergo
221 2568 253 2622 et
274 2559 439 2643 agendam
459 2560 710 2647 poenitentiam,
740 2570 774 2623 et
801 2559 1009 2623 tribuendam
1029 2581 1086 2625 ve-
1136 2554 1310 2641 morphosi
1327 2557 1565 2626 transformant
1583 2562 1672 2625 dicta
1689 2557 1885 2642 scripturae,
1901 2557 1935 2620 in
1953 2552 2119 2641 quaslibet

102 2644 191 2709 niam
215 2644 354 2709 credere
375 2663 440 2709 nos
463 2646 637 2726 conuenit,
667 2657 703 2710 vt
728 2645 861 2710 veniam
882 2655 993 2711 tamen
1015 2654 1085 2710 tan-
1136 2643 1338 2709 sentencias.
1389 2645 1452 2711 llic
1484 2664 1692 2731 cognoscere
1726 2642 1892 2728 significat
1924 2642 1974 2706 eis
2003 2641 2118 2708 audire

101 2751 202 2879 quam
236 2749 278 2793 cx
312 2728 379 2794 fide
408 2749 597 2814 speremus,
630 2741 786 2817 tanquam
815 2750 857 2795 ex
889 2732 1084 2817 syngrapha
1138 2726 1380 2795 confessiones.
1413 2730 1536 2798 Vultus
1555 2752 1622 2795 non
1635 2743 1803 2795 externam
1815 2728 2116 2806 conuersationem,

127 2816 188 2880 des
209 2816 375 2899 impetrat.
415 2815 494 2882 ltem
516 2816 600 2882 fides
624 2829 677 2882 est
699 2836 785 2903 quae
804 2826 946 2902 peccata
967 2827 1083 2883 nostra
1135 2815 1198 2880 sed
1224 2834 1348 2881 arcana
1377 2818 1614 2883 eonscientiae.
1659 2815 1812 2880 Pecudes
1841 2812 2031 2898 significant
2058 2812 2117 2878 bo·

101 2901 262 2985 cooperit.
314 2899 438 2967 Extant
471 2903 584 2988 itaque
616 2903 808 2969 sentenciae
834 2902 924 2987 apud
951 2901 1083 2983 Patres,
1134 2901 1253 2966 mines.
1298 2900 1388 2967 Sane
1410 2901 1499 2969 bella
1520 2913 1572 2967 est
1590 2901 1835 2985 interpretatio,
1863 2912 1896 2963 et
1918 2900 1949 2964 di
1997 2899 2116 2963 aistis

100 3007 169 3051 non
199 2984 308 3052 solum
337 2987 378 3052 de
406 2990 612 3054 contricione
634 3000 668 3054 et
695 2989 870 3074 operibus,
899 2988 1083 3055 sedetiam
1135 2989 1419 3070 contemptoribus
1456 2990 1642 3055 studiorum
1681 2984 1898 3072 eloquentiae.
1981 2983 2046 3049 uod
2085 2981 2116 3050 si

102 3074 144 3138 de
172 3071 247 3137 lide.
291 3071 418 3138 Verum
447 3075 654 3160 aduersarij,
690 3095 764 3140 cum
793 3093 903 3158 neque
929 3084 1083 3140 naturam
1134 3068 1214 3137 velit
1231 3069 1351 3156 aliquis
1393 3094 1430 3138 er
1441 3073 1684 3140 similitudinem
1701 3067 1885 3138 transferre
1902 3079 2117 3153 praeceptum

100 3158 324 3243 poenitentiae
351 3156 554 3249 intelligant,
583 3178 692 3247 neque
719 3178 905 3225 sermonem
932 3160 1081 3240 Patrum,
1134 3169 1273 3241 apatre
1294 3097 1436 3224 familias
1458 3162 1501 3226 ad
1522 3171 1689 3245 pastorem
1711 3154 1903 3234 Ecclesiae,
1930 3165 2022 3219 certe
2044 3151 2116 3219 vnl-

102 3255 285 3329 excerpunt
307 3244 397 3310 dieta
418 3246 461 3311 de
483 3255 578 3330 parte
599 3245 835 3332 poenitentiae,
859 3243 1016 3311 videlicet
1040 3247 1082 3312 de
1135 3255 1205 3307 tum
1227 3243 1361 3309 debebit
1381 3247 1591 3330 interpretari
1619 3247 1662 3311 de
1684 3254 1822 3308 externa
1849 3241 2115 3307 conuersatione.

100 3331 271 3414 operibus,
288 3329 379 3396 Alibi
396 3332 485 3399 dicta
500 3331 631 3413 deiide,
650 3353 726 3399 cum
742 3351 811 3398 non
826 3328 1013 3418 intelligant
1021 3334 1080 3415 ⁸²),
1133 3327 1226 3394 llaec
1252 3327 1432 3396 similitudo
1464 3332 1571 3418 magis
1604 3330 1797 3416 quadrabit,
1829 3328 1897 3394 Sed
1926 3328 2115 3392 omittamus

100 3426 324 3502 praetereunt.
370 3498 377 3505 ι
1133 3414 1208 3478 ista
1242 3413 1430 3502 Aliquoties
1452 3416 1490 3482 lit
1509 3420 1543 3482 in
1563 3415 1708 3482 Psalmis
1731 3415 1855 3480 mentio
1879 3411 2114 3490 confessionis,

1133 3509 1181 3576 vt,
1201 3498 1292 3577 Dixi,
1313 3501 1500 3569 confitebor
1516 3503 1694 3569 aduersum
1716 3520 1769 3566 me
1786 3498 1985 3564 iniusticiam
2006 3516 2115 3561 meam
2232 3560 2237 3569 ,

1132 3583 1298 3668 Domino,
1331 3600 1365 3653 et
1397 3601 1433 3654 tu
1460 3589 1616 3653 remisisti
1644 3587 1689 3650 ini
1714 3585 1847 3650 uitatem
1880 3582 2011 3668 peccati
2038 3580 2113 3646 mei.

99 3670 165 3737 DE
192 3670 548 3738 conresstonn
575 3672 639 3738 ΕΤ
664 3669 1081 3738 sarlsracrtottlt
1132 3669 1225 3736 Talis
1246 3668 1416 3739 confessio
1437 3674 1577 3759 peccati,
1600 3690 1687 3756 quae
1738 3689 1778 3735 eo
1801 3667 1849 3746 lit,
1870 3668 2014 3752 estipsa
2034 3686 2114 3731 con·

1131 3757 1238 3822 tricia.
1281 3756 1366 3824 Nam
1400 3780 1475 3825 cum
1507 3757 1583 3823 Deo
1614 3756 1652 3820 lit
1687 3752 1875 3833 confessio,
1906 3752 2010 3819 corde
2042 3749 2115 3817 lieri

187 3844 272 3909 Boni
295 3845 355 3909 viri
379 3841 479 3909 facile
499 3844 647 3909 iudicare
656 3847 703 3923 ⁸⁸)
724 3856 880 3929 possunt,
926 3841 1080 3910 lurimurn
1132 3861 1275 3908 necesse
1296 3854 1360 3922 est,
1382 3864 1449 3910 non
1469 3840 1580 3909 solum
1602 3861 1700 3919 voce,
1721 3842 1807 3907 sic-ut
1826 3839 1864 3905 lit
1881 3842 1915 3904 in
1934 3839 2048 3904 scenis
2070 3837 2113 3901 ab

100 3925 242 4009 referre,
262 3941 300 3995 vt
323 3931 366 3994 de
385 3930 614 4013 superioribus
636 3930 800 4015 partibus,
823 3866 979 3995 utalaae
1001 3949 1080 3995 oon·
1131 3925 1362 3995 histrionibus.
1406 3929 1469 3994 Est
1491 3929 1593 4016 igitur
1615 3925 1692 3992 talis
1722 3923 1911 4001 confessio,
1941 3923 2114 4001 contricio,

100 4016 242 4081 tricione
265 4024 300 4081 et
324 4013 646 4094 lide,'conseruetur
668 4035 750 4080 vera
767 4014 929 4080 doctrina.
965 4014 1080 4100 ltaque
1132 4013 1166 4077 in
1190 4035 1257 4099 qua
1278 4017 1469 4081 sancientes
1492 4016 1574 4081 iram
1592 4014 1668 4087 Dei,
1693 4008 2008 4079 confitemurDeum
2028 4010 2115 4075 iuste

99 4103 134 4169 in
155 4101 209 4167 bis
230 4100 319 4167 locis
340 4098 548 4167 illustrandis
567 4119 700 4187 semper
716 4098 792 4184 plus
809 4100 934 4165 versati
950 4119 1081 4180 sumus,
1101 4141 1109 4191 ¹
1132 4098 1246 4178 irasci,
1269 4120 1332 4165 nee
1353 4100 1481 4187 placari
1502 4120 1605 4189 posse
1621 4100 1749 4166 nostris
1761 4099 1930 4183 operibus,
1950 4094 1993 4161 Et
2003 4107 2114 4160 minen

100 4188 145 4254 de
173 4187 388 4254 confessione
420 4198 456 4253 et
483 4184 771 4253 satisfactionibus
802 4206 869 4251 non
902 4186 1080 4252 admodum

99 4273 197 4340 rixati
218 4293 347 4341 sumus.
384 4272 471 4338 Nam
492 4284 527 4339 et
548 4292 612 4339 nos
634 4270 883 4339 confessionem
899 4271 1080 4339 retinemus

100 4362 279 4512 ss¹¹i⁰⁰³p¹¹⁰
300 4371 437 4446 propter
459 4357 731 4464 Ab⁸⁰¹¹¹fi⁰¹30ffi
760 4378 847 4465 ‘inim
868 4371 920 4425 ⁰⁸¹
943 4360 1081 4464 ”mim
1133 4407 1180 4475 aa)
1200 4409 1262 4475 qun
1278 4410 1450 4462 maccam
1473 4408 1649 4462 sanctadona
1666 4434 1699 4446 -
1717 4434 1751 4446 -
1769 4432 1802 4445 -
1820 4420 1875 4455 non
1896 4403 2006 4471 raum
2023 4405 2114 4467 cogn.

135 4466 183 4523 θ’,
208 4446 299 4532 ‘1¹¹od
320 4447 362 4511 de
384 4444 528 4534 ⁸i⁰g¹¹¹i⁸
550 4455 728 4511 ammte
749 4444 862 4512 duum
882 4454 1082 4530 Pmmmfflt
1202 4478 1322 4543 tionem]
1346 4478 1429 4530 Editt.
1454 4481 1547 4530 ΗΛ
1573 4479 1635 4543 quis
1659 4476 1802 4528 Absolutio
1827 4481 1867 4524 eat
1890 4474 2012 4524 extentio
2035 4472 2115 4523 sileni

96 4542 249 4618 potestas
272 4528 424 4598 clunium.
460 4530 574 4605 Quare
594 4531 729 4616 impium
751 4542 845 4598 esset
861 4551 904 4596 ex
924 4528 1082 4596 Ecclesia
1202 4548 1330 4614 maeanj,
1347 4562 1400 4599 non
1419 4555 1458 4598 ea
1475 4548 1610 4599 iudicium„
1646 4543 1851 4598 curamenta
1876 4540 2115 4592 tentamentum

94 4618 259 4705 priuatam
291 4615 548 4685 Absolutionem
579 4615 711 4686 tollere.
763 4616 882 4703 Neque
922 4616 1000 4704 quid
1034 4617 1079 4682 sit
1201 4615 1882 4694 nurmanpeeeaa,1ummaccamexequuntur
1898 4610 2018 4691 mineat
2052 4608 2115 4660 Nou

1201 4684 1298 4735 babent
1319 4686 1470 4736 mandatum
1495 4687 1529 4735 de
1555 4682 1746 4748 cognoscendus
1770 4681 1892 4742 cccmus,
1917 4679 1978 4730 Hoc
2003 4678 2115 4743 intelllgi

1203 4760 1291 4818 potest
1307 4768 1341 4803 ex
1359 4768 1401 4816 eo,
1418 4756 1480 4820 quia
1496 4752 1598 4804 infinita
1615 4758 1724 4818 paccata
1739 4750 1888 4817 remittunt,
1911 4762 1977 4814 quac
1999 4762 2048 4798 nec
2064 4760 2114 4798 nos

1200 4824 1251 4886 ipsi
1278 4824 1453 4883 meminimus,
1479 4823 1572 4889 quibua
1598 4822 1771 4871 remittuntur.
1812 4818 1847 4867 Et
1871 4819 1894 4868 si
1918 4817 2046 4882 penderet
2069 4829 2111 4865 re·

95 4906 612 4979 „qwnu0mm1m3‚3yp‚„‚,
632 4915 819 4962 ,mmm
1090 4910 1096 4919 ·
1200 4889 1291 4940 missio
1310 4905 1344 4940 cx
1362 4893 1526 4956 cognitione,
1543 4896 1601 4940 tota
1621 4903 1664 4939 res
1687 4893 1758 4938 essct
1780 4887 1889 4937 ineam.
1924 4885 2063 4937 emtarum
2083 4883 2113 4934 in

96 4996 146 5064 ω)
164 4997 275 5064 dim]
292 4996 343 5048 Ed·
361 4995 403 5048 &3
422 4995 540 5062 (dim)
1199 4956 1242 5008 bis
1257 4959 1368 5039 'delictis
1390 4974 1458 5026 quaa
1480 4960 1584 5026 publica
1605 4963 1768 5038 nctaauat,
1792 4954 1895 5021 qualem
1917 4952 2115 5072 babocdthluria·

96 5083 145 5151 81)
163 5092 210 5133 aut
234 5082 447 5148 reddendam]
474 5080 558 5133 natta
588 5081 682 5134 ΗΛ
709 5078 915 5133 aadcfmticm
940 5086 987 5130 ant
1013 5078 1080 5131 dila·
1201 5024 2110 5162 ggffifmfflffiifflnngssmssJaffiffiffiussss

165 5154 286 5203 ctionem.
1201 5171 1228 5215 at
1249 5173 1341 5229 postea
1362 5168 1515 5219 nominatim
1537 5166 1718 5228 remittuntur,
1739 5165 1763 5214 tl
1785 5169 1860 5214 antor
1881 5160 1948 5212 uelit
1969 5158 2053 5224 recipi
2074 5157 2109 5209 ab

95 5237 143 5305 82)
161 5234 330 5303 intelligant]
347 5235 430 5289 Edltt.
447 5236 540 5287 d-Ar
557 5234 717 5300 mumma,
1199 5230 1329 5285 Ecclesia.

95 5322 144 5393 88)
160 5322 289 5391 indicant}
307 5318 359 5376 Ed.
377 5320 404 5374 8.
422 5328 474 5391 typ.
493 5337 561 5375 aaut
578 5320 688 5372 indicati
1132 5315 1181 5384 dd)
1199 5321 1343 5388 cogam]
1360 5320 1412 5374 Ed.
1429 5322 1471 5371 Aa
1489 5330 1650 5385 cogamus
