4786 6210
185 447 251 514 427
634 440 747 510 PlllL.
769 442 874 512 MEL.
894 443 1082 553 scatere
1101 440 1374 512 baumburch
1393 440 1452 510 ET
1474 440 1747 512 svmssoutcn.
2131 444 2203 513 428

184 633 251 699 hoc
272 644 337 710 est,
359 651 495 697 manere
512 645 699 718 peccatum,
721 635 854 698 umetsl
880 653 948 698 non
977 635 1169 717 imputetur:
1214 631 1469 716 prehendimus,
1504 632 1566 695 sed
1599 651 1665 697 non
1689 643 1782 697 recte
1812 633 2032 716 detorquetur
2063 634 2106 698 ad
2139 653 2200 698 ex·

183 720 228 788 Et
261 717 546 784 haccsentencia
574 720 659 783 adeo
691 715 816 800 placuit
842 722 1163 803 posterioribus,¹⁶)
1215 719 1416 782 tenuandom
1439 728 1614 801 peccatum
1637 720 1795 803 originis,
1824 717 1867 782 Et
1889 717 1998 782 tam'en
2026 718 2092 783 hae
2120 738 2198 784 sen·

185 816 223 872 vt
245 804 385 870 recitata
406 806 450 867 sit
473 815 505 866 et
527 805 559 867 in
583 803 748 868 Decretis.
795 804 836 868 Et
865 817 982 870 contra
1005 804 1164 870 lulianum
1215 804 1346 867 tanciae
1367 800 1523 887 leguntur
1549 805 1636 887 apud
1666 801 1917 881 scholasticos,
1951 804 2007 889 qui
2038 805 2198 890 intempe-

184 892 291 975 inquit
313 889 538 974 Augustinus,
562 888 634 952 Lex
661 890 725 954 ista
752 910 838 974 quae
865 893 918 954 est
945 893 978 955 in
1008 894 1164 956 membris
1186 869 1192 951 Ι
1215 890 1301 954 stiae
1324 892 1540 954 commiscent
1554 888 1819 973 philosophicam
1840 909 1903 955 seu
1922 887 2051 954 ciuilem
2072 891 2199 956 doctri·

185 977 326 1042 remissa
356 988 408 1040 est
436 976 693 1061 regeneratione
714 975 893 1059 spirituali,
927 989 960 1041 et
992 988 1102 1041 monet
1131 979 1164 1040 in
1215 995 1291 1038 nam
1315 973 1358 1038 de
1385 976 1533 1038 moribus
1564 995 1639 1039 cum
1667 974 1864 1060 Euangelio.
1908 975 2025 1060 Neque
2051 973 2136 1041 hacc
2162 978 2198 1042 in

187 1082 289 1130 carno
310 1059 451 1126 mortali.
496 1060 650 1125 Remissa
683 1072 752 1139 est,
786 1063 863 1146 quia
889 1073 1001 1126 reatus
1033 1060 1164 1126 solutus
1217 1058 1350 1124 scholis
1379 1071 1506 1124 tantum
1532 1061 1803 1144 disputabantur,
1830 1060 1891 1125 sed
1919 1081 1960 1125 ox
1990 1059 2134 1140 scholis,
2161 1072 2200 1128 vt

186 1160 240 1214 est
272 1159 482 1212 sacramento
514 1168 581 1232 quo
615 1159 835 1212 renascuntur
868 1146 996 1213 fideles.
1051 1148 1165 1212 lllauet
1218 1145 1264 1223 lit,
1289 1145 1510 1209 efferebantur
1532 1147 1575 1209 ad
1593 1144 1760 1229 populum.
1804 1146 1847 1210 Et
1868 1144 1932 1210 hae
1958 1151 2199 1231 persuasiones

186 1245 296 1300 autern
316 1234 394 1318 quia
421 1247 578 1318 operatur
605 1233 788 1312 desideria,
816 1245 932 1298 contra
961 1255 1047 1319 quae
1074 1236 1165 1298 dimi·
1216 1233 1422 1316 regnabant,
1443 1243 1476 1294 et
1499 1228 1633 1296 alebant
1654 1232 1807 1298 fiduciam
1836 1232 2052 1297 humanarum
2079 1235 2198 1299 sirium

187 1334 265 1386 eant
304 1316 429 1382 fideles.
486 1318 544 1383 Sic
582 1322 708 1383 sentire
746 1340 787 1384 ac
826 1320 951 1386 docere
982 1320 1164 1385 Lutborum
1216 1327 1250 1380 et
1283 1319 1513 1401 opprimebant
1547 1319 1770 1403 coguitionem
1799 1320 1929 1404 gratiae
1958 1317 2092 1383 Christi.
2136 1319 2198 1384 lta·

185 1407 295 1471 sciunt
316 1405 513 1490 aduersarij,
536 1403 578 1468 Et
601 1426 675 1470 cum
698 1424 768 1469 rem
790 1405 978 1490 improbare
999 1428 1066 1471 non
1090 1426 1165 1490 pos·
1217 1423 1281 1486 que
1307 1401 1475 1467 Lutherus
1504 1402 1624 1467 volens
1654 1405 1913 1489 magnitudinem
1941 1407 2069 1488 peccati
2096 1407 2144 1469 ori
2172 1406 2196 1470 i·

186 1493 270 1569 sint,
302 1494 407 1556 rerba
438 1501 548 1555 tamen
582 1490 842 1566 calumniantur,
870 1504 906 1557 vt
934 1491 1000 1556 boc
1022 1493 1165 1558 artilioio
1216 1487 1302 1552 nalie
1324 1500 1358 1553 et
1374 1488 1541 1552 humanae
1563 1488 1759 1554 infirmitatis
1779 1489 1966 1568 declarare,
1987 1492 2099 1556 docuit
2118 1512 2155 1555 re
2171 1492 2197 1544 ‘-

184 1577 395 1643 innocentem
417 1579 614 1660 opprimant.
1217 1574 1313 1659 quiae
1336 1572 1412 1638 illas
1433 1577 1562 1656 peccati
1586 1573 1776 1659 originalis,
1806 1597 1872 1640 nou
1895 1594 1973 1641 esse
1993 1596 2056 1641 sua
2076 1587 2197 1642 natura

272 1663 318 1726 At
351 1663 518 1746 disputant
557 1664 859 1746 concupiscentiam
892 1683 1034 1746 poenam
1074 1683 1166 1741 esse,
1217 1662 1250 1723 iu
1273 1659 1406 1724 bomine
1427 1651 1596 1746 ἀδιάφορα,
1619 1664 1680 1727 sed
1703 1663 1853 1748 indigere
1874 1662 1981 1746 gratia
2005 1661 2143 1742 Christi,
2153 1681 2199 1727 na

184 1757 451 1832 nonpeccaturu,
470 1752 520 1824 ¹⁶)
543 1747 709 1812 Lutberus
726 1745 872 1812 defendit
884 1761 1058 1832 peccatum
1076 1769 1163 1814 esse.
1216 1747 1431 1829 imputentur,
1454 1747 1531 1810 item
1555 1748 1674 1830 spiritu
1696 1760 1825 1826 sancto,
1846 1759 1882 1812 vt
1904 1747 2153 1813 mortificentur.

186 1834 297 1919 Supra
329 1835 451 1898 dictum
481 1844 533 1897 est
565 1835 788 1919 Augustinum
822 1835 960 1899 definire
990 1846 1165 1918 peccatum
1303 1830 1501 1914 Quanquam
1518 1831 1720 1898 Scholastiri
1738 1845 1903 1919 urnaque
1921 1843 2199 1918 extenuant,poc·

186 1919 336 2004 originis,
358 1920 447 2003 quod
469 1921 512 1983 sit
534 1923 823 2003 concupiscentia,
847 1920 1067 2005 Expostulent
1090 1943 1164 1986 cum
1217 1927 1327 1981 catum
1356 1928 1389 1982 et
1414 1936 1575 2000 poenam,
1603 1940 1676 1983 cum
1709 1921 1831 1984 docent
1858 1918 2025 1984 hominem
2051 1917 2197 2002 proprie

70 2054 71 2057 ,
186 2005 388 2090 Augustino,
407 2006 436 2068 si
459 2003 537 2153 quid
549 2003 649 2070 habet
671 2007 869 2070 incommodi
887 2005 971 2071 baec
982 2009 1164 2071 sentencia.
1219 2003 1343 2067 viribus
1365 2023 1470 2086 posse
1492 2004 1647 2069 mandata
1670 2003 1734 2069 Dei
1756 2002 1881 2070 facere.
1926 2006 1962 2075 ln
1991 2005 2115 2070 Genesi
2137 2006 2198 2069 ai·

186 2089 365 2155 Praeterea
389 2089 522 2169 ⁴Pauus
554 2091 600 2154 ait
624 2093 941 2174 'concupiscentiam
973 2095 1165 2157 nesciebam
1217 2100 1268 2152 ter
1290 2090 1489 2154 describitur
1517 2110 1625 2172 poena
1654 2091 1808 2175 imposita
1837 2109 1899 2176 pro
1953 2102 2070 2156 eccato
2098 2091 2199 2175 origi-

186 2195 265 2242 esse
293 2176 577 2261 peccatum,uisi
603 2174 658 2240 lex
688 2178 824 2243 diceret.
842 2181 893 2252 ¹⁷)
937 2177 1013 2242 Non
1044 2199 1166 2243 concu·
1217 2177 1280 2239 nis.
1326 2175 1374 2239 lbi
1397 2176 1482 2238 enim
1505 2196 1572 2238 non
1591 2171 1699 2241 solum
1727 2178 1824 2240 morti
1853 2188 1887 2243 et
1911 2112 1988 2263 alijs
2017 2175 2199 2260 corporali·

185 2263 308 2348 pisces.
353 2262 434 2326 ltem
452 2265 516 2341 ¹⁷¹)
549 2263 647 2327 video
680 2262 779 2328 aliam
807 2261 917 2348 legem
944 2264 979 2327 in
1008 2265 1165 2328 membris
1219 2261 1281 2324 bus
1315 2259 1412 2325 unalis
1451 2261 1626 2345 subijcitur
1662 2260 1805 2326 humana
1838 2272 1974 2341 natura,
2009 2262 2070 2326 sed
2101 2264 2200 2326 etiarn

185 2349 269 2414 mois
290 2356 531 2434 repugnantem
559 2346 626 2436 legi
654 2351 772 2416 meotis
799 2369 913 2429 meae,
939 2360 972 2413 et
999 2351 1166 2433 captiuan·
1218 2365 1323 2431 regno
1348 2342 1479 2410 diaboli.
1524 2346 1609 2411 Nam
1631 2349 1676 2412 ibi
1698 2345 1803 2412 fertur
1825 2349 1909 2413 baec
1932 2344 2100 2413 horribilis
2122 2366 2199 2413 sen·

188 2443 253 2498 tem
275 2452 329 2496 me
357 2430 425 2518 legi
454 2435 601 2536 peccati,
635 2455 720 2518 quae
749 2447 801 2499 est
828 2437 861 2498 in
889 2436 1045 2504 membris
1072 2437 1166 2499 creis.
1218 2432 1339 2509 tenuia,
1361 2431 1549 2496 inimicitiae
1570 2452 1692 2517 ponam
1718 2434 1804 2499 inter
1827 2444 1860 2498 te
1889 2445 1922 2497 et
1951 2431 2137 2512 mulierem,
2166 2442 2201 2496 et

186 2516 280 2584 llaec
302 2519 491 2583 testimonia
518 2517 610 2583 nulla
641 2518 853 2584 cauillatione
879 2521 984 2586 auerti
1012 2533 1165 2605 possunt.
1218 2519 1304 2581 inter
1325 2536 1440 2582 semen
1462 2527 1570 2597 tuum,
1602 2531 1636 2583 et
1665 2538 1780 2584 semen
1808 2518 1918 2596 illius,
1950 2516 2132 2597 Defectus,
2166 2527 2201 2583 et

187 2600 289 2669 Clare
323 2605 409 2666 enim
443 2601 614 2689 appellant
645 2607 949 2688 concupiscentiam
981 2617 1167 2690 peccatum,
1219 2604 1490 2687 concupiscentia
1516 2614 1595 2668 sunt
1648 2623 1754 2669 oenac
1770 2608 1822 2686 ¹⁸)
1854 2615 1887 2669 et
1915 2617 2072 2688 peccata,
2104 2603 2200 2668 More

188 2686 288 2761 Quod
310 2697 421 2754 tantan
439 2688 491 2754 hie
514 2692 571 2777 qui
599 2701 678 2756 sunt
700 2692 733 2755 in
757 2690 892 2755 Christo
900 2688 915 2771 ,²
933 2711 1000 2757 non
1028 2694 1166 2776 imputa·
1219 2699 1252 2754 et
1272 2687 1338 2754 alia
1356 2686 1546 2773 corporalia
1568 2627 1672 2768 mah,
1696 2703 1729 2755 et
1746 2693 1898 2777 tyrannis
1921 2688 2045 2755 diaboli
2066 2690 2203 2774 proprie

187 2784 253 2852 tur,
276 2784 310 2838 et
330 2775 359 2837 si
382 2795 437 2839 res
461 2776 504 2840 sit
525 2786 643 2841 natura
666 2778 766 2863 digna
787 2788 892 2842 morte
915 2779 971 2843 vbi
997 2799 1066 2842 non
1089 2799 1166 2843 con·
1219 2795 1348 2860 poenae
1369 2787 1456 2839 sunt.
1501 2773 1562 2837 Est
1584 2777 1670 2840 enim
1692 2789 1812 2842 natura
1834 2777 1977 2841 bumana
2004 2777 2038 2841 in
2058 2781 2202 2841 seruitu-

188 2860 340 2925 tlonatur.
386 2861 443 2925 Sic
459 2873 574 2946 patres
598 2863 682 2926 citra
711 2863 973 2930 controuersiam
1001 2862 1166 2944 sanciunt,
1219 2872 1285 2924 tem
1307 2861 1440 2938 tradita,
1458 2870 1492 2924 ct
1513 2862 1644 2945 captiua
1666 2883 1687 2926 a
1709 2861 1843 2928 diabolo
1867 2874 2014 2939 tenetur,
2041 2865 2097 2947 qui
2128 2875 2204 2927 eant

185 2943 273 3011 Nam
301 2944 512 3032 Augustinus
544 2945 647 3033 longa
678 2950 909 3033 disputacione
937 2949 1068 3016 reuellit
1096 2951 1168 3036 opi·
1219 2946 1329 3031 impijs
1352 2946 1563 3031 opinionibus
1586 2959 1621 3012 et
1643 2951 1813 3013 erroribus
1836 2950 2014 3026 dementat,
2032 2958 2066 3011 et
2088 2943 2202 3031 impel-

186 3032 319 3099 nionem
340 3032 491 3112 istorum,
513 3035 569 3119 qui
591 3036 787 3101 sanciebant
809 3034 1110 3121 concupiscentiam
1132 3037 1167 3101 in
1218 3030 1257 3096 lit
1278 3033 1323 3096 ad
1345 3035 1452 3098 omnis
1475 3034 1609 3119 generis
1631 3046 1781 3118 peccata.
1828 3033 1923 3100 Sicut
1951 3043 2061 3099 autem
2088 3033 2204 3098 diabo-
2262 3078 2267 3090 .

186 3115 321 3180 homine
343 3137 411 3181 non
432 3138 510 3184 esse
531 3120 669 3199 vicium,
701 3123 762 3186 sed
789 3121 957 3209 ἀδιάφορον
984 3135 1021 3187 vt
1049 3142 1168 3206 corpo·
1218 3115 1273 3183 lue
1296 3119 1383 3183 vinci
1406 3138 1474 3185 non
1495 3130 1627 3202 potest,
1650 3121 1713 3185 nisi
1742 3118 1867 3186 auxilio
1889 3118 2034 3199 Christi,
2057 3118 2106 3184 lta
2133 3138 2204 3183 uon

188 3201 237 3268 rte
261 3200 367 3279 color,
388 3215 445 3268 ant
465 3205 611 3269 aduersa
631 3203 779 3272 valitudo
802 3206 967 3292 ἀδιάφορον
989 3207 1118 3273 dicitur.
1219 3222 1401 3288 possumus
1434 3222 1498 3270 noe
1532 3205 1680 3290 proprije
1712 3207 1839 3272 viribus
1872 3227 1915 3271 err
1949 3207 2014 3271 ista
2042 3205 2204 3270 seruitute

276 3285 427 3359 Quodsi
450 3292 650 3355 contendent
677 3293 881 3379 aduersarij,
908 3294 1057 3359 fomitem
1089 3312 1168 3358 esse
1220 3292 1375 3355 eximere.
1419 3290 1498 3374 lpea
1518 3293 1629 3355 mundi
1653 3290 1792 3357 historia
1815 3293 1977 3370 ostendit,
2007 3301 2132 3376 quanta
2158 3291 2204 3354 sit

188 3369 372 3458 ἀδιάφορον,
400 3372 630 3441 reclamabunt
656 3395 726 3441 nou
750 3376 861 3442 solum
888 3377 1011 3444 multae
1038 3391 1169 3444 senteu-
1220 3376 1375 3460 potencia
1407 3379 1502 3461 regni
1531 3375 1665 3443 diaboli.
1711 3376 1837 3445 Plenus
1866 3389 1917 3443 est
1946 3377 2089 3442 mundus
2115 3372 2205 3440 blas·

188 3458 262 3524 ciae
278 3460 477 3544 scripturae,
496 3463 559 3525 sed
578 3461 677 3545 plane
689 3473 759 3528 tota
777 3462 942 3529 Ecclesia.
979 3465 1062 3538 Quis
1082 3466 1168 3530 enim
1219 3461 1361 3547 phemi‘e
1384 3474 1502 3527 eontra
1524 3461 1630 3526 Deum
1654 3473 1687 3526 ct
1707 3463 1816 3550 impijs
1839 3464 2070 3548 opinionibus,
2092 3471 2127 3526 et
2146 3461 2203 3527 his

187 3563 332 3632 unquam
355 3565 457 3610 ausus
480 3557 533 3610 est
550 3548 662 3614 dicere
679 3547 764 3613 baec
782 3570 860 3615 essa
882 3543 1168 3634 attemperatum
1219 3484 1362 3614 vinculis
1384 3548 1487 3611 babet
1509 3546 1665 3613 diabolus
1686 3549 1834 3615 irretitos
1856 3550 2025 3634 sapientes
2044 3558 2077 3612 et
2093 3549 2203 3613 iustos

188 3629 218 3694 ei
239 3627 411 3714 perfectus
435 3652 622 3698 consensus
645 3654 713 3699 non
741 3636 920 3701 accederet
946 3638 1097 3701 dubitare
1126 3639 1170 3702 de
1220 3654 1333 3701 coram
1355 3633 1490 3698 mundo.
1534 3632 1571 3696 ln
1593 3632 1671 3719 alijs
1694 3637 1874 3702 ostendunt
1896 3655 1936 3700 se
1964 3634 2132 3699 crassiora
2153 3636 2202 3698 vi·

187 3715 238 3781 ira
258 3714 335 3794 Ilei,
357 3719 399 3781 de
421 3720 529 3802 gratia
550 3718 633 3799 Dei,
655 3721 697 3785 de
719 3724 825 3786 verbo
847 3720 927 3798 Dei,
956 3723 1059 3788 irasci
1087 3724 1168 3788 iudi·
1220 3722 1282 3785 cla.
1326 3717 1410 3783 Cum
1433 3730 1545 3783 autem
1567 3719 1665 3784 datus
1687 3722 1732 3785 sit
1757 3723 1855 3786 nobis
1882 3719 2055 3797 CbristuS,
2082 3719 2137 3804 qui
2164 3729 2199 3784 et

189 3801 252 3884 cije
277 3800 351 3878 Dei,
374 3804 538 3889 indignari
560 3807 649 3891 qood
671 3804 767 3871 Deus
785 3827 853 3872 non
876 3808 922 3871 eri
947 3810 972 3871 it
994 3810 1107 3873 statim
1125 3829 1167 3874 cx
1218 3805 1304 3870 baec
1326 3815 1484 3886 peccata,
1519 3814 1552 3868 et
1573 3805 1636 3869 has
1663 3827 1792 3891 poenas
1819 3805 1966 3885 auferat,
1996 3815 2029 3869 et
2060 3823 2200 3890 regnum

187 3884 445 3967 afflictionibus,
474 3887 619 3956 fremere
641 3895 729 3975 quod
752 3893 839 3976 impii
868 3830 1004 3959 meliore
1033 3893 1168 3960 fortuna
1220 3888 1361 3969 diaboli,
1394 3901 1568 3974 peccatum
1601 3902 1635 3955 et
1665 3904 1804 3958 mortem
1837 3893 2003 3969 destruat,
2040 3888 2202 3955 beneficia

187 3982 335 4054 utuntur,
357 3994 455 4059 quom
479 3977 568 4056 boni,
592 3979 720 4041 incitari
742 3980 803 4055 ira,
821 3979 970 4060 libidine,
989 3980 1168 4062 cupiditate
1220 3974 1346 4042 Christi
1378 3996 1447 4040 non
1479 3988 1635 4058 poterunt
1668 3980 1849 4062 cognosci,
1882 3979 1947 4042 nisi
1973 3973 2202 4062 intelligamus

188 4055 329 4144 gloriae,
351 4081 450 4144 opum
472 4072 536 4127 etc.
582 4062 623 4126 Et
651 4062 781 4128 haece
808 4075 952 4130 noscunt
980 4067 1013 4128 in
1040 4084 1079 4128 se
1106 4063 1167 4128 ho·
1219 4058 1307 4127 mala
1329 4074 1456 4126 nostra.
1501 4061 1581 4126 ldae
1604 4063 1645 4127 de
1672 4061 1725 4127 his
1754 4066 1856 4128 rebus
1886 4062 1993 4127 nostri
2025 4063 2203 4127 conciona-

186 4144 293 4208 miues
323 4145 387 4228 pij,
421 4157 455 4211 rt
483 4148 683 4232 apparatio
716 4084 879 4230 Psalmis,
906 4170 949 4215 ac
976 4148 1166 4236 Prophetis,
1219 4159 1312 4212 tores
1335 4144 1509 4231 diligenter
1532 4148 1729 4228 docuerunt,
1740 4160 1774 4214 et
1795 4148 1876 4214 nihil
1894 4151 1972 4215 noui
1984 4148 2203 4226 tradiderunt,

187 4228 256 4294 Sed
286 4229 320 4294 in
349 4230 485 4297 Scholis
513 4231 753 4300 transtulerunt
782 4237 848 4299 buc
882 4255 923 4299 ex
951 4233 1169 4320 Philosophia
1219 4234 1280 4298 sed
1302 4246 1451 4297 sanctam
1474 4234 1683 4317 scripturam,
1706 4245 1741 4300 et
1761 4246 1954 4301 sanctorum
1966 4235 2101 4299 Patrum
2124 4252 2202 4297 sen·

185 4334 327 4398 prorsus
350 4316 478 4381 alienas
501 4321 711 4398 sentenciae,
741 4320 839 4394 Quod
868 4332 1007 4406 propter
1036 4323 1168 4405 passio·
1220 4320 1345 4385 teucias
1364 4331 1622 4402 proposuerunt.

185 4418 248 4467 nes
271 4419 334 4465 nec
357 4402 448 4482 boni,
471 4423 534 4467 nec
555 4403 631 4469 mali
655 4406 771 4485 simos,
794 4426 857 4470 nec
886 4404 1077 4484 laudemur,
1104 4425 1169 4470 nec
1306 4403 1400 4469 llaec
1421 4404 1620 4469 arbitramur
1640 4402 1856 4470 satisfactura
1874 4423 1956 4470 esse
1974 4403 2075 4470 Caes.
2098 4400 2202 4468 blaie·

186 4487 423 4571 vituperemur.
468 4487 568 4568 ltem,
596 4486 676 4554 nihil
695 4511 773 4555 esse
797 4503 990 4576 peceatum,
1007 4489 1084 4556 'nisi
1112 4510 1170 4557 vo·
1220 4493 1309 4575 stati,
1333 4492 1375 4554 de
1396 4486 1577 4573 puerilibus
1600 4501 1634 4554 et
1656 4488 1786 4577 frigidis
1810 4488 2102 4567 cauillacionibos,
2132 4489 2202 4574 qui·

185 4567 374 4637 luntarium.
426 4573 499 4638 llae
528 4578 722 4640 sentenciae
755 4577 844 4661 apud
872 4575 1098 4662 Philosophus
1127 4577 1169 4641 de
1223 4579 1287 4641 bue
1308 4576 1494 4661 aduersarij
1518 4574 1695 4641 articulum
1718 4589 1870 4642 nostrum
1902 4574 2091 4640 calumniati
2114 4586 2202 4639 sunt

187 4656 279 4722 ciuili
300 4658 421 4723 iudicio
442 4660 551 4725 dictae
571 4672 665 4740 sunt,
688 4681 755 4727 non
784 4664 826 4727 dc
848 4663 968 4729 iudicio
991 4662 1064 4728 Dei.
1111 4663 1170 4727 Ni·
1223 4662 1356 4727 Scimus
1378 4664 1465 4725 enim
1487 4681 1550 4725 nos
1574 4672 1666 4726 recte
1685 4671 1719 4726 et
1747 4683 1821 4728 com
1852 4660 2020 4727 catholica
2049 4657 2205 4726 Ecclesia

186 4738 256 4807 hilo
279 4745 481 4828 prudenciae
503 4762 644 4812 assuunt
665 4758 700 4813 et
720 4743 805 4813 alias
835 4751 1044 4829 sentencias,
1076 4759 1171 4815 natu·
1222 4745 1347 4813 Christi
1368 4747 1504 4823 sentire,
1527 4744 1595 4810 Sed
1618 4748 1648 4811 si
1670 4749 1881 4820 renouabunt
1902 4746 1990 4812 hanc
2009 4758 2205 4812 controuer-

187 4847 258 4892 ram
279 4848 348 4894 non
369 4848 448 4895 esse
467 4829 604 4911 udam,
632 4834 669 4899 ld
701 4834 736 4899 in
767 4831 845 4900 loco
873 4836 997 4901 dictum
1022 4856 1089 4904 non
1120 4855 1170 4901 re-
1222 4834 1306 4898 eiam
1330 4831 1535 4917 aduersarij,
1564 4851 1631 4895 noo
1666 4831 1810 4898 defuturi
1833 4845 1911 4897 eunt
1939 4834 2027 4917 apud
2056 4852 2119 4896 uos
2148 4831 2205 4917 qui

97 4934 102 4939 ’
1222 4919 1464 5003 respondeant,
1498 4929 1530 4981 et
1563 4917 1692 4982 veritati
1726 4919 1984 5004 patrocinentur.
2029 4918 2114 4982 Nam
2147 4917 2204 4983 ad·

1222 5003 1364 5089 uersarij
1387 5004 1420 5066 in
1440 5002 1506 5068 bac
1527 5022 1631 5069 causa
1653 5024 1774 5091 magna
1797 5024 1838 5068 ex
1860 5018 1955 5089 parte
1967 5004 2045 5089 quid
2063 5002 2204 5089 loquan-

192 5101 239 5170 tn)
257 5102 468 5170 pumannum]
486 5104 525 5154 ete
541 5105 625 5154 aaut.
645 5103 735 5172 1-³.;
753 5107 802 5159 ua
821 5109 862 5162 a:
879 5109 1067 5177 reperiuntur,
1222 5100 1277 5156 tur
1298 5109 1366 5154 non
1386 5085 1590 5174 iutelligtmt,
1619 5089 1730 5176 Saepe
1760 5092 1873 5156 dicunt
1896 5090 2105 5178 puguanola,
2132 5089 2207 5154 Nec

194 5188 241 5254 16)
258 5188 413 5255 peccatum]
432 5189 482 5241 Ed.
502 5189 542 5242 8.=
559 5196 702 5255 peceatum.

165 4982 385 5017 0—-

193 5273 239 5340 17)
257 5273 377 5344 diceret]
396 5276 445 5326 nd.
464 5276 503 5325 ³.=
522 5275 629 5339 diceret,

192 5358 449 5426 lle)1teat]lltlltt.
469 5360 495 5413 8.
513 5362 555 5414 er
572 5361 648 5425 lton,
1226 5365 1271 5430 lb)
1288 5361 1401 5430 poena]
1416 5363 1454 5414 rio
1470 5362 1552 5414 Edltt.
1571 5365 1597 5413 1.
1616 5363 1640 5415 ἱ.
1658 5363 1698 5425 e;
1716 5361 1767 5414 Ed.
1786 5362 1828 5415 &r
1845 5377 1929 5429 pom
