4786 6210
156 3066 163 3073 ,
269 3009 319 3076 55)
335 3010 375 3075 15]
394 3011 421 3059 in
437 3010 522 3061 Mon.
541 3010 616 3063 deest.

270 444 337 516 ns
490 414 495 424 '
620 414 630 433 ‘
720 443 833 513 mm.
854 441 961 512 555.
981 442 1170 512 somam
1188 438 1540 513 neumasiensi
1561 382 1872 514 sassones*
2224 440 2291 510 rao

257 636 510 706 accusationes
524 636 579 716 60)
600 632 670 700 noli
690 635 856 718 accipere,
870 635 924 711 61)
945 633 1096 699 nisisnb
1119 635 1251 700 dnobus
1303 633 1454 700 Romano
1487 633 1625 720 imperio
1658 632 1839 712 subiectis,
1855 635 1910 709 ⁶¹)
1945 650 1988 697 ne
2016 627 2143 696 clerum
2171 641 2290 699 contra

272 736 331 792 aut
360 722 468 787 tribus
500 722 653 786 testibus.
684 720 713 783 l.
737 719 820 784 7155.
849 717 892 782 V.
936 716 987 783 Ex
1013 720 1134 805 quibus
1167 722 1251 785 satis
1304 736 1470 786 concessa
1491 716 1668 806 privilegia
1690 714 1876 803 imperialia
1898 716 1941 782 ad
1959 713 2105 782 tribunal
2119 719 2174 794 ⁶2)
2191 735 2290 784 secu·

273 819 391 895 aperte
413 808 640 893 dignoscitur,
657 808 711 881 ³²)
743 803 933 889 Episcopus
961 825 1030 870 non
1057 802 1166 870 solum
1193 804 1252 871 ha·
1303 804 1376 870 lare
1409 804 1614 888 pertrahant.
1670 803 1754 869 Nam
1791 804 1842 869 sie
1875 801 2032 868 Clemens
2064 801 2226 887 Papa⁶⁸l
2254 813 2290 869 et

274 897 357 963 bere
377 904 589 982 ,potestatem
621 891 793 956 ministerii
822 891 917 956 verbi
948 889 1031 970 Del,
1064 893 1125 957 sed
1154 893 1252 959 etiam
1304 891 1434 978 Martyr
1454 892 1579 977 inquit:
1593 893 1648 970 ⁶⁴)
1670 889 1709 954 Si
1730 889 1786 975 qui
1809 890 2071 975 expresbyteris
2086 891 2139 967 66)
2160 886 2290 955 habeat

272 989 474 1068 potestatem
487 981 541 1052 ⁶³)
575 978 744 1063 regiminis
775 988 809 1041 et
836 977 1039 1042 coercitivae
1071 978 1253 1084 eorrectio·
1305 981 1441 1084 nepotis
1472 978 1560 1042 inter
1585 995 1641 1082 ‚⁸5³
1667 976 1762 1061 ,apud
1784 976 2009 1125 presbyteros
2022 977 2078 1102 ἓξ)
2099 970 2290 1126 ί5551551(ιέζ

271 1062 895 1233 simil''talitali“'tlt
911 1061 1252 1235 ititsltlllllt.
1304 1063 1770 1214 1111111515.
1796 1063 2009 1231 sitiit?
2026 1064 2289 1212 rn'aiiiii..

271 1240 397 1325 15514)
424 1246 575 1319 potestas
614 1233 798 1314 iudicandi,
832 1232 1097 1312 1555551551)
1113 1237 1253 1301 discer-
1302 1232 1383 1298 'cilio
1406 1235 1555 1299 Nicaeno
1578 1237 1676 1298 etiarn
1699 1235 1732 1297 in
1755 1234 1869 1298 causis
1900 1228 2052 1315 profanis
2074 1229 2180 1297 voluit
2206 1232 2290 1296 indi·

272 1323 388 1396 uendi,
413 1332 448 1386 et
468 1319 634 1386 statuendi
664 1337 720 1396 ea,
753 1339 840 1405 quae
871 1320 915 1384 ed
941 1317 1126 1404 praefatum
1153 1320 1252 1386 finem
1304 1339 1395 1386 care.
1409 1322 1462 1397 18)
1506 1317 1580 1382 Vos
1614 1319 1668 1383 Dii
1701 1319 1800 1396 estis,
1831 1319 1955 1402 inquit,
1982 1339 2003 1381 a
2028 1314 2105 1380 Deo
2135 1337 2217 1382 vero
2232 1320 2289 1397 ⁶⁹)

273 1406 531 1492 aspectantem
553 1405 824 1484 conducunt⁵⁶)
862 1403 957 1471 irrita
979 1406 1079 1492 igitur
1096 1417 1130 1471 et
1151 1425 1253 1472 55555
1306 1405 1487 1470 constituti.
1530 1404 1591 1482 lte,
1614 1415 1649 1471 et
1670 1404 1756 1469 iuter
1782 1413 1855 1469 vos
1874 1422 2012 1467 causam
2025 1405 2079 1478 ⁷⁰)
2109 1402 2291 1489 disponite,

271 1503 352 1559 sunt
372 1493 563 1575 55551517)
585 1509 673 1577 quae
693 1492 728 1555 in
742 1491 796 1569 ⁵⁸)
817 1493 988 1576 praesenti
1009 1489 1150 1558 articulo
1172 1511 1252 1556 con·
1306 1493 1386 1578 quia
1402 1491 1538 1578 dignum
1550 1510 1618 1556 non
1635 1491 1815 1569 5515171)
1837 1489 2096 1554 nosiudicemus
2106 1487 2290 1566 Decem)

272 1589 327 1644 tra
354 1578 591 1643 immunitatem
621 1574 840 1642 ecclesiarum
868 1588 902 1642 et
925 1579 1138 1644 secerdotum
1166 1580 1253 1643 inae·

271 1667 467 1742 15515519)
517 1660 629 1736 Quare
657 1660 901 1747 prohibendum
932 1667 1054 1740 55110)
1087 1662 1253 1729 universis

1375 1857 1423 1911 111,
1443 1848 1754 1918 improbavimus·
1770 1849 1889 1916 sciptum
1912 1855 1964 1901 esi:
1988 1848 2137 1909 latritibus,
2161 1847 2207 1916 m)
2231 1855 2291 1902 ares

263 1976 268 1985 ,
1374 1920 1531 1970 ianitoribus
1548 1917 1668 1972 5111111551
1687 1925 1728 1987 et,
1747 1919 1794 1985 14)
1807 1931 1858 1984 pro
1875 1916 1972 1967 tributa
1989 1917 2094 1983 leptim:
2112 1917 2237 1968 tributum

220 1995 221 2000 ’
270 1988 320 2054 ⁶⁰)
338 1987 530 2054 accusationes]
541 1987 1041 2054 Chiis-affirmPfllld·=M0¹¹·²
1060 1990 1254 2042 accusationem
1304 2005 1353 2072 60)
1371 2005 1562 2071 prohibendum
1592 2001 1641 2069 est]
1667 2002 1794 2068 Chytr.:
1819 2003 2022 2068 prohibendum,
2044 2001 2165 2067 Pilum,
2188 2003 2289 2059 Mem:

270 2074 320 2141 51)
337 2074 392 2124 5511
409 2071 547 2142 accipera,]
566 2073 674 2129 Faba:
691 2077 812 2140 accipere
830 2076 899 2137 noli,
923 2077 1023 2127 Mon:
1048 2078 1103 2128 noli
1126 2075 1254 2140 recipere,
1375 2074 1405 2126 C.
1425 2074 1462 2126 M.
1481 2072 1606 2139 prohibet

342 2141 460 2207 (Ptiug.
480 2163 515 2190 =
533 2143 650 2210 Desa).
1303 2159 1354 2225 ai)
1372 2157 1518 2223 55555]
1536 2157 1638 2213 nou:
1657 2130 1766 2208 suanm

271 2228 319 2293 tt)
337 2228 401 2277 satis
419 2235 507 2292 aperte
526 2227 709 2310 emesenum]
733 2228 861 2294 Pilum:
885 2229 915 2282 G.
933 2228 971 2278 M.
996 2231 1129 2294 agnoscit,
1152 2230 1253 2282 Momt
1305 2244 1354 2312 02)
1372 2244 1407 2294 ,a
1425 2243 1550 2311 tribunal]
1569 2242 1631 2295 laga
1647 2245 1675 2293 iu
1691 2241 1777 2294 Mon,
1794 2241 1860 2294 male
1876 2239 1915 2292 bis
1932 2243 2028 2309 scriptu
2044 2249 2106 2294 sest.
2313 2301 2315 2306 .

341 2293 710 2361 sa'Qoe'Mmgmmt‘
1304 2330 1495 2397 63)(11555555
1523 2326 1608 2397 Papa]
1638 2330 1675 2380 sie
1700 2329 1829 2392 Chytr.,
1861 2326 1976 2391 Faba,
2010 2328 2159 2389 Franci„
2196 2330 2295 2394 lisa,

272 2372 320 2445 53)
340 2382 388 2431 551
410 2383 490 2431 etiam
507 2381 672 2447 potestatem]
690 2381 814 2444 Pilum
831 2384 879 2433 sed
898 2384 978 2433 etiam
994 2383 1099 2449 (omissa
1117 2397 1187 2435 vocs:
1206 2398 1253 2447 po·
1373 2398 1497 2461 ΗΜ,
1514 2397 1614 2457 ηοω
1632 2398 1737 2450 Dm„
1757 2396 1830 2461 ΡΨ
1848 2394 1968 2449 clemen,

341 2450 490 2514 testatem),
508 2451 605 2502 Mon:
623 2450 669 2498 sed
688 2457 714 2498 st
732 2458 886 2514 potestatem
1304 2484 1353 2551 64)
1371 2484 1482 2550 imum]
1499 2483 1620 2547 Pssw
1638 2484 1690 2536 ait:
1730 2512 1732 2515 ι

270 2533 320 2683 ti
339 2533 947 2685 siuti
1305 2568 1353 2634 o
1371 2568 1608 2701 ((555
1628 2569 1867 2690 mam

271 2702 677 2770 56)551555155551.]Μ55.1
696 2706 907 2754 autcouducant.
926 2703 1060 2769 aPilug.
1079 2704 1251 2758 5555551551.
1306 2721 1353 2790 63)
1372 2724 1442 2788 ,pud
1468 2720 1646 2788 presbyteros]
1672 2722 1796 2787 (jhm,
1818 2722 1923 2784 pm„
1947 2719 2069 2784 ΗΜ,
2093 2719 2195 2771 ΜΘΝ
2219 2723 2292 2785 ,pud

270 2788 320 2854 57)
336 2789 415 2838 Irrita
436 2790 519 2852 igitur
542 2796 568 2838 et
591 2804 665 2839 cassa
686 2797 749 2841 sust
771 2789 880 2854 omnim]
909 2789 1032 2854 Ptine:
1055 2791 1146 2843 irritat
1168 2800 1253 2845 autem
1375 2792 1524 2855 cognitores
1547 2792 1627 2841 seculi
1647 2805 1700 2839 non
1731 2791 1892 2850 iudicentur,
1914 2790 1961 2838 sed
1983 2791 2053 2855 apud
2075 2790 2239 2854 presbyteros
2256 2817 2291 2857 '—

340 2857 372 2908 0.
391 2856 429 2938 M
447 2871 476 2906 et
493 2865 586 2919 cassat,
616 2857 716 2911 Mum:
744 2858 822 2909 Irrita
845 2860 928 2923 igitur
953 2860 1030 2910 Caes.
1049 2859 1113 2909 Mem
1138 2868 1163 2909 et
1181 2876 1255 2912 cassa
1373 2857 1446 2911 Haec
1462 2861 1614 2912 consentiant
1633 2874 1685 2908 cunr
1704 2859 1812 2909 Decreti
1830 2859 1902 2910 Grat.
1926 2858 1957 2908 P.
1975 2859 2010 2910 11.
2028 2874 2099 2910 caus.
2120 2859 2162 2908 ll.
2188 2866 2290 2923 quaest.

343 2939 432 2975 omma
449 2935 537 2976 censet
554 2940 620 2988 csse,
1375 2930 1399 2978 1.
1417 2943 1439 2979 c.
1459 2929 1502 2979 32.
1526 2929 1568 2991 (iu
1585 2927 1664 2994 Corp.
1685 2930 1735 2979 iur.
1755 2943 1848 2979 55555.
1872 2929 1914 2978 ed.
1939 2927 2048 2978 Richter
2069 2928 2100 2978 P.
2118 2927 2139 2976 1.
2157 2943 2183 2992 p.
2201 2927 2291 2994 513.)

1304 3011 1352 3078 67)
1370 3011 1467 3082 neque]
1483 3012 1609 3077 Ptiug„
1627 3012 1729 3068 Mum:
1747 3028 1797 3064 nec

271 3094 507 3163 59)i¹¹³⁰¹¹¹¹¹²¹¹¹·]
526 3096 862 3151 F⁸b1·²⁵i¹f⁰r¹¹¹¹i¹¹r·-
879 3097 944 3149 Pori
961 3096 1075 3153 51551551
1092 3100 1252 3163 inseruntur,
1305 3097 1509 3168 61)15115555.]
1543 3099 1671 3165 Chytr.‚
1704 3100 1827 3163 Pilum,
1860 3099 1961 3172 Mum:
1987 3095 2134 3162 Episcopus
2161 3097 2292 3160 indicare,

339 3165 366 3214 s'a
388 3164 498 3226 Pilug.
518 3164 607 3215 addita
624 3176 679 3216 rust
704 3165 806 3218 haecce:
830 3172 860 3216 ut
877 3170 905 3217 in
929 3167 1049 3216 civilibus
1072 3171 1191 3226 omnibus
1217 3171 1252 3219 ci·
1373 3168 1485 3223 Faba:
1508 3171 1580 3234 ipsos
1603 3169 1728 3222 iudicare.
1750 3194 1785 3206 -·
1808 3167 1880 3234 corifi
1904 3168 2012 3217 Decimi
2040 3165 2113 3219 Grai,
2131 3164 2201 3216 P,1,
2226 3168 2290 3217 di„

340 3233 390 3282 vili
412 3233 511 3281 subsint
534 3237 666 3297 potestati.
703 3235 806 3284 Mavult
830 3237 900 3285 enim
925 3236 955 3287 C.
975 3234 1030 3297 Μ.,
1048 3237 1252 3299 gloriosissimos
1373 3237 1415 3290 96.
1436 3252 1458 3286 5.
1479 3238 1504 3287 7.
1522 3238 1564 3303 (is
1581 3237 1659 3303 Corp.
1678 3239 1727 3288 iar.
1747 3252 1842 3288 canon.
1862 3238 1904 3288 cd.
1923 3235 2031 3288 Richter
2048 3235 2078 3286 P.
2097 3237 2118 3286 1.
2137 3252 2163 3301 p.
2181 3235 2267 3302 269.)

341 3307 368 3350 et
385 3302 543 3350 christianos
560 3303 657 3353 imitari
678 3303 866 3368 Imperatores,
891 3303 1106 3367 Constantinum,
1130 3306 1251 3357 Theodo·
1303 3320 1352 3387 69)
1370 3337 1387 3372 3
1403 3323 1463 3372 Deo
1483 3323 1557 3389 vem]
1577 3324 1700 3385 ΗΜ,
1719 3332 1746 3372 0,
1762 3338 1779 3372 ι
1795 3323 1855 3374 Deo
1873 3338 1936 3372 vem
1969 3323 2070 3375 Mem:
2088 3337 2105 3372 ⁸
2120 3321 2179 3371 Deo
2196 3312 2291 3372 hom

339 3370 422 3432 tium,
437 3370 607 3432 Gratianum,
631 3372 857 3434 Valentinianum,
874 3368 1054 3433 Marcianum,
1074 3372 1195 3424 Carsium
1212 3374 1250 3427 M.
1596 3419 1604 3435 .
1942 3359 1951 3383 '

340 3445 367 3489 01
383 3437 549 3511 Rudolphum
566 3442 593 3491 in
617 3443 803 3492 conservandis
826 3442 975 3506 privilegiis
997 3441 1250 3507 Ecclesiasticorurn,
1304 3407 1351 3473 ⁷⁰)
1371 3405 1485 3504 ΜΨ]
1503 3407 1603 3459 Hm·
1623 3420 1714 3456 Μεθ’

341 3522 418 3573 quam
436 3511 540 3572 impiam
558 3508 696 3572 Iulianum,
712 3510 902 3575 Imperatorem
919 3510 1141 3574 apostatamneo
1160 3519 1186 3560 ρ)
1203 3512 1251 3562 ho.
1303 3492 1350 3558 71)
1369 3491 1409 3557 51]
1429 3506 1456 3542 sn
1474 3489 1570 3541 Febr.
1589 3489 1664 3541 deest.

340 3578 454 3626 minibus
473 3579 617 3640 molestum,
636 3581 679 3644 qui
697 3582 830 3629 ministros
849 3579 948 3630 Christi
966 3580 1085 3629 omnibus
1103 3568 1175 3629 exuit
1199 3582 1251 3645 pri·
1304 3573 1471 3644 715)1)555.]
1491 3575 1551 3627 Post
1568 3574 1631 3626 11555
1647 3590 1729 3626 vocent
1745 3577 1773 3624 s'n
1794 3575 1902 3639 Pilug.
1922 3575 2048 3626 adduntur
2070 3575 2145 3629 boec:
2169 3576 2238 3629 Fixa
2254 3588 2291 3633 ,οι

338 3647 453 3708 vilegiis.
489 3646 620 3709 Agnoscit
637 3649 667 3699 O.
687 3649 735 3710 Μ.,
753 3648 820 3697 5555
837 3648 1039 3711 immunitatem,
1057 3649 1090 3698 ab
1107 3648 1251 3713 imperato·
1371 3652 1523 3710 permaneat
1539 3643 1665 3696 Friderici
1682 3643 1860 3708 imperatoris,
1878 3644 1906 3695 S.
1932 3643 2079 3694 Maiestatis
2102 3646 2291 3710 praeducem.

338 3715 412 3764 ribns
440 3729 603 3776 concessam,
630 3731 647 3766 a
673 3719 730 3766 iure
754 3719 843 3768 divino
868 3717 1035 3767 descendere.
1072 3717 1140 3768 Nam
1163 3719 1252 3768 David
1372 3716 1409 3763 ris
1436 3718 1520 3764 nostri
1547 3713 1715 3774 constitutio,
1744 3714 1817 3762 55155
1843 3714 1892 3763 1515
1917 3730 1956 3763 est
1984 3721 2060 3762 tenor
2083 3714 2111 3761 in
2135 3716 2289 3769 Anthemio.

339 3784 378 3832 ait
396 3788 419 3833 1.
439 3782 506 3846 Reg.
525 3784 643 3836 XXVI.:
669 3784 733 3844 Quis
757 3787 876 3836 extendit
897 3801 1004 3834 manum
1028 3801 1100 3835 suam
1123 3789 1152 3837 in
1175 3786 1251 3837 Chri·

341 3858 417 3912 stum,
435 3851 586 3913 Dominum,
597 3861 630 3906 ,et
645 3855 770 3903 innocens
789 3857 856 3904 criti
883 3854 913 3904 Si
930 3853 980 3902 hnc
998 3856 1065 3904 dixit
1083 3857 1253 3906 1555511555

341 3918 435 3982 Regis3
460 3921 521 3983 quid
541 3923 572 3968 15
595 3923 719 3970 unctione
741 3922 910 3972 Sacerdotis?
945 3921 1075 3974 Scribitur
1098 3940 1201 3990 quoquc
1224 3925 1253 3973 in

342 3987 441 4039 Genesi
458 3989 581 4040 travia:
600 3991 670 4038 Emit
681 3991 776 4053 Ioseph
795 4006 897 4039 ornnem
915 4000 1010 4042 terram
1026 3993 1151 4058 Aegypti,
1169 3993 1254 4042 subie-

343 4057 429 4119 citque
448 4072 505 4106 eam
522 4057 665 4118 Pharaoni,
685 4066 711 4107 et
730 4067 837 4108 cunctos
855 4059 966 4123 populos
991 4063 1058 4123 eius,
1082 4068 1186 4125 praeter
1203 4068 1254 4111 ter·

342 4138 398 4174 ram
417 4127 590 4187 sacerdotnm,
609 4142 675 4190 quae
693 4142 709 4176 a
727 4142 789 4190 rega
807 4130 844 4176 eis
867 4129 964 4178 tr·adita
986 4127 1086 4192 iuerat,
1111 4131 1204 4196 quibus
1228 4137 1255 4180 et

343 4196 446 4254 statuit,
464 4196 535 4258 qnod
553 4197 651 4245 cibaria
676 4212 709 4263 ex
732 4196 834 4246 horreis
856 4197 964 4261 publicis
986 4200 1185 4262 praebebantur.
1219 4198 1255 4248 Et
1277 4190 1280 4278 ξ

343 4263 427 4316 inira:
446 4263 487 4312 Ex
507 4279 538 4314 co
557 4273 672 4329 tempore
690 4281 770 4329 usque
788 4267 814 4314 in
832 4273 985 4330 praesentes
1000 4267 1070 4317 diem
1088 4270 1115 4318 in
1132 4270 1255 4318 universa
1277 4291 1280 4344 p

344 4338 414 4380 terra
430 4332 544 4397 Aegypti
562 4337 666 4397 regibus
684 4337 775 4399 quinta
791 4350 850 4399 pars
869 4335 992 4395 solvitur,
1016 4336 1112 4401 absque
1127 4344 1197 4387 terra
1214 4352 1254 4387 sa-
1276 4348 1280 4409 y

344 4401 479 4452 cerdotali.
515 4402 567 4452 Hic
584 4418 630 4451 rex
656 4404 771 4455 ethnicus
796 4411 858 4452 ante
884 4405 935 4452 tria
955 4404 1037 4453 millia
1060 4419 1185 4454 annornm
1207 4406 1280 4467 im-¹¹

344 4471 496 4520 munitatem
523 4472 701 4520 sacerdotibus
728 4472 828 4523 tribuit.
869 4472 953 4522 Porro
983 4470 1061 4522 eiiam
1083 4474 1254 4534 Artaxerxes,
1276 4482 1280 4544 l

344 4553 401 4599 rex,
419 4540 547 4589 universis
565 4542 761 4602 sacerdotibus,
779 4541 892 4602 Levitis,
911 4540 1075 4602 cantoribus,
1092 4543 1254 4604 ianitoribus,

345 4614 371 4656 et
387 4609 511 4658 ministris
530 4609 620 4657 domus
637 4607 688 4658 Dei
706 4607 840 4672 prohibuit
857 4611 956 4673 imponi
973 4609 1212 4673 scotigenarum
1229 4619 1255 4660 et

345 4690 473 4727 annonas.
493 4679 516 4726 1.
534 4676 600 4726 Esra
617 4677 675 4728 vn.
710 4676 781 4728 Haec
798 4680 824 4726 in
841 4677 927 4728 Μ55.
953 4680 991 4733 sic
1014 4685 1110 4728 matuta
1131 4685 1201 4731 sunt:
1225 4681 1253 4742 1)

342 4742 524 4796 5555515115
549 4746 667 4796 civilibus
686 4773 718 4783 -
737 4748 838 4798 subsint
859 4748 991 4812 potestati.
1014 4747 1106 4798 omisso
1129 4753 1199 4809 sont,
1223 4749 1253 4815 7)

255 4817 262 4826 ’
340 4813 399 4861 soei
417 4813 618 4864 Constantinum
636 4814 748 4864 additum
765 4823 814 4869 est:
832 4831 964 4880 magnum,
982 4816 1013 4882 6)
1027 4830 1092 4883 pro:
1109 4814 1254 4881 privilegiis

342 4879 596 4944 Ecclesiasticornm,
614 4885 743 4949 quuatur:
760 4885 1162 4950 Ecclesiasticorumprevilegiis
1180 4885 1254 4952 (515),

246 4995 247 5000 ,
342 4949 373 5014 4)
388 4964 452 5014 pro:
470 4951 557 5000 David
576 4955 622 5015 ait,
641 4952 759 5019 scriplum
777 4960 826 5008 eat:
849 4955 940 5005 David
963 4955 1061 5020 inquit,
1085 4956 1114 5020 5)
1136 4968 1200 5022 pro:
1226 4957 1251 5006 1.

342 5017 410 5081 Bag.
429 5019 477 5072 26:
497 5018 561 5079 Quis
580 5047 612 5059 -
631 5024 756 5073 innocens
776 5024 842 5072 criti
864 5026 961 5091 scriptu
979 5030 1049 5078 aaut:
1068 5021 1132 5083 Quis
1156 5049 1190 5060 -
1213 5024 1252 5072 in·

272 5103 276 5112 ·
343 5100 442 5135 nocens
461 5089 528 5136 55117
563 5091 586 5140 l.
605 5089 671 5154 Reg.
691 5089 733 5139 ta.
768 5089 800 5157 6)
815 5106 863 5156 pro
882 5092 1014 5142 dominum
1026 5092 1133 5156 leyilnrz
1152 5091 1251 5142 domini

343 5153 375 5221 7)
394 5161 450 5222 post
476 5158 619 5208 sacerdotis
646 5158 764 5212 additor:
792 5159 932 5214 dicendum
958 5168 1000 5210 eat
1028 5157 1085 5224 (551
1113 5159 1252 5209 dicendum

342 5223 407 5274 mule
424 5222 595 5288 5151515155(
613 5229 677 5293 est),
702 5229 731 5293 8)
753 5243 801 5294 pro
822 5229 851 5278 in
869 5224 964 5278 Genea.
984 5228 1090 5294 leuiter:
1115 5228 1196 5280 Gens.
1220 5228 1251 5294 9)

338 5306 389 5358 pro
406 5291 566 5358 subiecitque
583 5294 726 5352 abibam:
744 5297 862 5359 subiecit,
881 5295 928 5363 10)
946 5312 997 5364 pro
1013 5297 1111 5358 statuit,
1128 5298 1201 5361 quod
1218 5298 1252 5349 ls-

342 5360 427 5425 pitur:
445 5368 552 5427 statuta,
576 5364 624 5430 11)
641 5370 699 5416 atas
713 5378 797 5419 m
813 5366 977 5417 maxema·
992 5381 1043 5418 555
1060 5366 1138 5419 etism
1160 5367 1252 5418 emissa

1373 3781 1524 3845 statuimus,
1542 3782 1573 3832 0.
1593 3784 1626 3833 15
1643 3782 1781 3847 Episcopis
1800 3791 1827 3832 et
1845 3781 1969 3836 Clericis:
1987 3783 2133 3845 statuimus,
2150 3790 2180 3832 ut
2196 3786 2289 3835 551155

1374 3853 1575 3902 ecelesiasticam
1599 3866 1736 3916 personam
1759 3854 1788 3901 in
1815 3853 1943 3902 criminali
1968 3854 2122 3916 quaestione
2145 3855 2187 3902 vel
2215 3855 2290 3909 cirili

1373 3921 1476 3970 trahere
1494 3923 1528 3970 sd
1547 3921 1671 3971 indicium
1688 3921 1807 3971 seculare
1816 3930 1965 3984 praesumat
1982 3928 2074 3970 555155
2089 3924 2290 3973 constitutiones

1375 3989 1526 4054 Imperialas
1546 3998 1572 4038 et
1590 3993 1729 4040 canonicas
1747 3990 1903 4039 sanctiones.
1940 3988 2019 4049 Quod
2042 3992 2064 4038 si
2080 3989 2195 4052 ’fecerit3
2218 3993 2289 4041 actio

1374 4072 1391 4107 a
1408 4074 1455 4108 suo
1474 4061 1531 4108 inre
1549 4061 1640 4119 cadat,
1658 4059 1800 4108 iudicatum
1818 4073 1872 4108 555
1891 4066 1992 4119 teneat,
2016 4066 2042 4107 51
2058 4059 2138 4108 iudex
2160 4060 2234 4108 simul
2254 4074 2291 4111 ex

1375 4136 1436 4176 tunc
1454 4127 1544 4177 officio
1562 4128 1696 4177 iudicandi
1718 4128 1751 4175 sit
1772 4129 1897 4192 privatus.
1932 4127 2005 4175 Hace
2031 4129 2118 4176 omnia
2141 4128 2171 4179 C.
2194 4127 2232 4177 tl.
2258 4128 2289 4178 in

1374 4210 1421 4244 suo
1439 4195 1535 4244 robore
1553 4196 1609 4245 vult
1625 4209 1789 4259 permanere,
1814 4203 1872 4246 eta
1894 4195 2059 4259 Principibus
2083 4197 2230 4256 obseruari,
2250 4212 2289 4259 ,ne

1374 4266 1591 4314 commisceantur
1611 4272 1689 4328 etque
1712 4264 1904 4314 contundantur
1926 4272 2082 4329 potestates,
2106 4265 2177 4330 quod
2200 4271 2289 4317 tanto-

1374 4347 1436 4397 pere
1453 4332 1497 4382 hie
1515 4333 1648 4396 retugium
1669 4333 1813 4398 Principes,
1831 4335 1878 4383 sed
1895 4333 1997 4398 utrique
2015 4335 2094 4382 statui
2109 4349 2221 4382 summus
2238 4333 2290 4385 ho·

1373 4416 1424 4452 nor
1441 4412 1573 4464 serretur,
1596 4400 1722 4467 additque
1746 4401 1775 4453 C.
1794 4400 1843 4463 Μ.,
1863 4417 2000 4452 causarum
2017 4403 2243 4452 matrimonialium
2261 4411 2291 4453 et

1374 4471 1531 4523 decimarum
1549 4471 1723 4534 cognitionem
1741 4472 1847 4520 omnino
1865 4473 1900 4521 ad
1909 4471 2130 4536 Archicpiscopos
2146 4473 2289 4536 portinere,

1374 4546 1401 4589 et
1417 4550 1465 4604 per
1481 4540 1580 4590 iudicia
1597 4541 1726 4589 secularia
1743 4540 1853 4589 iudicari
1871 4554 1925 4590 non
1949 4540 2052 4591 debera.
2089 4541 2158 4592 Nam
2180 4540 2213 4589 da
2236 4539 2286 4589 de-

1373 4610 1446 4660 cimis
1465 4609 1517 4658 Tit.
1537 4609 1570 4659 ad
1587 4609 1627 4660 ius
1647 4610 1800 4658 canonicam
1817 4610 1944 4672 pertinet,
1967 4617 1994 4658 ct
2018 4609 2178 4660 matrimonii
2199 4622 2290 4659 saera·

1373 4685 1488 4728 mentum
1512 4686 1553 4728 est
1576 4679 1716 4738 ecclesiae,
1741 4677 1775 4727 sb
1798 4674 1989 4728 Ecclesiasticis
2012 4679 2199 4740 desumendum,
2219 4677 2285 4728 iicet

1372 4748 1460 4812 quoad
1478 4749 1642 4810 donationes,
1659 4748 1847 4809 successiones,
1865 4747 2034 4810 hereditates,
2051 4749 2134 4810 dotes,
2152 4755 2179 4796 et
2194 4745 2288 4798 huiua-

1374 4817 1475 4866 cemodi
1492 4817 1606 4868 tribunal
1628 4816 1754 4882 Episcopi
1776 4818 1871 4867 merito
1894 4817 2006 4866 seculari
2030 4825 2057 4867 et
2078 4816 2210 4882 Impar-:ali
2233 4815 2287 4865 iuri

1373 4886 1466 4938 cedere
1478 4886 1586 4936 debeat.
1621 4883 1692 4938 Haec
1708 4887 1735 4935 in
1751 4885 1836 4938 Mon.
1855 4887 1893 4937 sie
1904 4891 2001 4935 mutatu
2017 4892 2089 4939 sant:
2109 4885 2138 4951 l)
2152 4899 2202 4952 pro
2218 4882 2290 4936 iux·

1372 4962 1400 5005 et
1416 4963 1568 5020 permaneat
1584 4952 1743 5009 eedibeatur:
1761 4956 1829 5006 Fixa
1843 4969 1906 5019 ergo
1918 4961 2035 5017 maneat,
2054 4956 2083 5022 1)
2097 4951 2288 5020 555511515-

1372 5027 1446 5074 statis
1464 5025 1593 5090 lequntur:
1610 5022 1681 5075 Suae
1698 5024 1767 5085 Meis,
1784 5024 1814 5088 3)
1832 5025 1915 5091 nostri
1934 5024 2008 5085 15551,
2026 5024 2057 5090 t)
2074 5023 2166 5076 selu:
2184 5023 2213 5072 15
2230 5022 2287 5073 An·

1373 5092 1478 5144 thestio.
1505 5120 1536 5132 ·-
1559 5100 1586 5143 et
1614 5091 1737 5154 clericis,
1765 5094 1856 5143 onim
1877 5100 1941 5143 sunt.
1977 5093 2008 5159 5)
2030 5108 2081 5158 pro
2104 5093 2174 5142 actio
2196 5102 2213 5140 a
2234 5103 2286 5141 sao

1372 5163 1431 5212 inre
1448 5162 1575 5228 beamur:
1593 5170 1668 5211 actor
1685 5178 1701 5212 a
1717 5162 1777 5212 Iure
1794 5176 1857 5222 suo,
1874 5162 1904 5227 6)
1925 5177 1973 5227 pro
1990 5162 2071 5212 iudex
2088 5161 2165 5210 simul
2188 5159 2287 5226 151155

1371 5237 1442 5284 sam:
1459 5231 1538 5280 iudex
1556 5232 1605 5292 sit,
1623 5231 1653 5297 7)
1671 5235 1729 5281 ante
1748 5231 1864 5294 privatas
1886 5231 1967 5282 deest:
1985 5231 2033 5293 sit,
2057 5230 2087 5296 6)
2106 5244 2157 5297 pru
2179 5228 2286 5294 5151555

1371 5300 1449 5349 55551
1474 5313 1587 5350 summas
1612 5297 1640 5347 h.
1669 5307 1793 5349 serretur.
1833 5296 1967 5364 Additqne
1993 5296 2121 5364 wasser:
2148 5297 2286 5362 uniusque

1371 5368 1451 5418 statsi
1466 5381 1528 5416 snas
1544 5367 1571 5418 h.
1596 5374 1774 5418 eomerretsr.
1810 5365 1894 5418 Addit
1927 5367 1960 5433 9)
1979 5382 2029 5433 pn
2051 5366 2284 5419 assumsisse
2345 5431 2349 5436 ι
