<?xml version="1.0" encoding="UTF-8"?>
<!DOCTYPE html PUBLIC "-//W3C//DTD XHTML 1.0 Transitional//EN"
    "http://www.w3.org/TR/xhtml1/DTD/xhtml1-transitional.dtd">
<html xmlns="http://www.w3.org/1999/xhtml" xml:lang="en" lang="en">
 <head>
  <title>
</title>
<meta http-equiv="Content-Type" content="text/html;charset=utf-8" />
  <meta name='ocr-system' content='tesseract 3.04.00' />
  <meta name='ocr-capabilities' content='ocr_page ocr_carea ocr_par ocr_line ocrx_word'/>
</head>
<body>
  <div class='ocr_page' id='page_1' title='image "./philippimelanth00melagoog_0280.png"; bbox 0 0 4786 6210; ppageno 0'>
   <div class='ocr_carea' id='block_1_1' title="bbox 184 399 2204 525">
    <p class='ocr_par' dir='ltr' id='par_1_1' title="bbox 184 399 2204 525">
     <span class='ocr_line' id='line_1_1' title="bbox 184 399 2204 525; baseline -0.001 -40"><span class='ocrx_word' id='word_1_1' title='bbox 184 418 252 487; x_wconf 83' lang='lat' dir='ltr'>eni</span> <span class='ocrx_word' id='word_1_2' title='bbox 637 413 753 481; x_wconf 77' lang='lat' dir='ltr'>num</span> <span class='ocrx_word' id='word_1_3' title='bbox 774 399 1754 525; x_wconf 73' lang='lat' dir='ltr'>unnsoiurrsuoeusncsnnsruuoirci.</span> <span class='ocrx_word' id='word_1_4' title='bbox 2132 414 2204 483; x_wconf 82' lang='lat' dir='ltr'>eie</span> 
     </span>
    </p>
   </div>
   <div class='ocr_carea' id='block_1_2' title="bbox 137 597 2203 2731">
    <p class='ocr_par' dir='ltr' id='par_1_2' title="bbox 185 597 2203 882">
     <span class='ocr_line' id='line_1_2' title="bbox 186 597 2202 672; baseline -0.002 -11"><span class='ocrx_word' id='word_1_5' title='bbox 186 611 265 662; x_wconf 88' lang='lat' dir='ltr'>simus</span> <span class='ocrx_word' id='word_1_6' title='bbox 282 606 382 672; x_wconf 88' lang='lat' dir='ltr'>sucepti</span> <span class='ocrx_word' id='word_1_7' title='bbox 397 605 457 655; x_wconf 85' lang='lat' dir='ltr'>Deo</span> <span class='ocrx_word' id='word_1_8' title='bbox 475 611 582 669; x_wconf 90' lang='lat' dir='ltr'>propter</span> <span class='ocrx_word' id='word_1_9' title='bbox 598 602 739 663; x_wconf 88' lang='lat' dir='ltr'>Cbristnm,</span> <span class='ocrx_word' id='word_1_10' title='bbox 757 603 828 666; x_wconf 88' lang='lat' dir='ltr'>quod</span> <span class='ocrx_word' id='word_1_11' title='bbox 844 602 916 652; x_wconf 89' lang='lat' dir='ltr'>bone</span> <span class='ocrx_word' id='word_1_12' title='bbox 933 615 1015 666; x_wconf 90' lang='lat' dir='ltr'>opere</span> <span class='ocrx_word' id='word_1_13' title='bbox 1032 614 1085 651; x_wconf 91' lang='lat' dir='ltr'>non</span> <span class='ocrx_word' id='word_1_14' title='bbox 1103 600 1162 650; x_wconf 89' lang='lat' dir='ltr'>rod·</span> <span class='ocrx_word' id='word_1_15' title='bbox 1184 597 1192 667; x_wconf 64' lang='grc' dir='ltr'><strong>ἶ</strong></span> <span class='ocrx_word' id='word_1_16' title='bbox 1213 600 1364 653; x_wconf 89' lang='lat' dir='ltr'>Bernerdns</span> <span class='ocrx_word' id='word_1_17' title='bbox 1381 603 1478 653; x_wconf 83' lang='lat' dir='ltr'>ietetur</span> <span class='ocrx_word' id='word_1_18' title='bbox 1495 620 1543 655; x_wconf 90' lang='lat' dir='ltr'>ene</span> <span class='ocrx_word' id='word_1_19' title='bbox 1560 621 1641 672; x_wconf 87' lang='lat' dir='ltr'>opere</span> <span class='ocrx_word' id='word_1_20' title='bbox 1657 623 1712 658; x_wconf 91' lang='lat' dir='ltr'>non</span> <span class='ocrx_word' id='word_1_21' title='bbox 1730 622 1788 657; x_wconf 86' lang='lat' dir='ltr'>esse</span> <span class='ocrx_word' id='word_1_22' title='bbox 1811 607 1893 670; x_wconf 82' lang='lat' dir='ltr'>digne</span> <span class='ocrx_word' id='word_1_23' title='bbox 1913 606 1970 655; x_wconf 91' lang='lat' dir='ltr'>uita</span> <span class='ocrx_word' id='word_1_24' title='bbox 1991 612 2113 668; x_wconf 88' lang='lat' dir='ltr'>eeterue,</span> <span class='ocrx_word' id='word_1_25' title='bbox 2137 621 2202 657; x_wconf 88' lang='lat' dir='ltr'>cum</span> 
     </span>
     <span class='ocr_line' id='line_1_3' title="bbox 187 668 2200 742; baseline -0.001 -13"><span class='ocrx_word' id='word_1_26' title='bbox 187 680 252 729; x_wconf 86' lang='lat' dir='ltr'>dent</span> <span class='ocrx_word' id='word_1_27' title='bbox 278 684 396 742; x_wconf 75' lang='lat' dir='ltr'>pecatum</span> <span class='ocrx_word' id='word_1_28' title='bbox 419 674 613 724; x_wconf 84' lang='lat' dir='ltr'>conscientium.</span> <span class='ocrx_word' id='word_1_29' title='bbox 654 671 696 721; x_wconf 78' lang='lat' dir='ltr'>Ex</span> <span class='ocrx_word' id='word_1_30' title='bbox 722 671 762 720; x_wconf 90' lang='lat' dir='ltr'>iiie</span> <span class='ocrx_word' id='word_1_31' title='bbox 790 672 908 721; x_wconf 84' lang='lat' dir='ltr'>omnibus</span> <span class='ocrx_word' id='word_1_32' title='bbox 932 672 1062 734; x_wconf 85' lang='lat' dir='ltr'>sequitur,</span> <span class='ocrx_word' id='word_1_33' title='bbox 1092 668 1164 733; x_wconf 91' lang='lat' dir='ltr'>quod</span> <span class='ocrx_word' id='word_1_34' title='bbox 1187 672 1191 705; x_wconf 82' lang='lat'><strong>¹</strong></span> <span class='ocrx_word' id='word_1_35' title='bbox 1213 670 1312 735; x_wconf 86' lang='lat' dir='ltr'>inquit,</span> <span class='ocrx_word' id='word_1_36' title='bbox 1329 672 1431 735; x_wconf 87' lang='lat' dir='ltr'>perdite</span> <span class='ocrx_word' id='word_1_37' title='bbox 1448 674 1513 735; x_wconf 80' lang='lat' dir='ltr'>uixi,</span> <span class='ocrx_word' id='word_1_38' title='bbox 1531 674 1584 725; x_wconf 85' lang='lat' dir='ltr'>Sed</span> <span class='ocrx_word' id='word_1_39' title='bbox 1603 677 1682 740; x_wconf 88' lang='lat' dir='ltr'>erigit</span> <span class='ocrx_word' id='word_1_40' title='bbox 1699 689 1728 724; x_wconf 90' lang='lat' dir='ltr'>ee</span> <span class='ocrx_word' id='word_1_41' title='bbox 1746 683 1772 724; x_wconf 90' lang='lat' dir='ltr'>et</span> <span class='ocrx_word' id='word_1_42' title='bbox 1788 690 1860 739; x_wconf 83' lang='lat' dir='ltr'>spem</span> <span class='ocrx_word' id='word_1_43' title='bbox 1877 675 1968 723; x_wconf 88' lang='lat' dir='ltr'>selutis</span> <span class='ocrx_word' id='word_1_44' title='bbox 1991 676 2109 740; x_wconf 75' lang='lat' dir='ltr'><strong>concipit</strong></span> <span class='ocrx_word' id='word_1_45' title='bbox 2126 675 2200 738; x_wconf 60' lang='lat' dir='ltr'>inde</span> 
     </span>
     <span class='ocr_line' id='line_1_4' title="bbox 185 716 2203 837; baseline -0.002 -38"><span class='ocrx_word' id='word_1_46' title='bbox 185 752 308 813; x_wconf 80' lang='lat' dir='ltr'>oporteat</span> <span class='ocrx_word' id='word_1_47' title='bbox 325 746 430 805; x_wconf 87' lang='lat' dir='ltr'>sentire,</span> <span class='ocrx_word' id='word_1_48' title='bbox 448 743 518 807; x_wconf 89' lang='lat' dir='ltr'>quod</span> <span class='ocrx_word' id='word_1_49' title='bbox 535 746 640 805; x_wconf 87' lang='lat' dir='ltr'>propter</span> <span class='ocrx_word' id='word_1_50' title='bbox 657 738 788 789; x_wconf 85' lang='lat' dir='ltr'>Christum</span> <span class='ocrx_word' id='word_1_51' title='bbox 805 754 851 804; x_wconf 87' lang='lat' dir='ltr'>per</span> <span class='ocrx_word' id='word_1_52' title='bbox 873 740 1092 798; x_wconf 77' lang='lat' dir='ltr'>misericordium,</span> <span class='ocrx_word' id='word_1_53' title='bbox 1109 752 1164 787; x_wconf 93' lang='lat' dir='ltr'>non</span> <span class='ocrx_word' id='word_1_54' title='bbox 1187 716 1192 837; x_wconf 75' lang='grc' dir='ltr'>Ι</span> <span class='ocrx_word' id='word_1_55' title='bbox 1214 740 1285 803; x_wconf 84' lang='lat' dir='ltr'>quod</span> <span class='ocrx_word' id='word_1_56' title='bbox 1303 742 1381 790; x_wconf 78' lang='lat' dir='ltr'>sentit</span> <span class='ocrx_word' id='word_1_57' title='bbox 1397 748 1505 805; x_wconf 89' lang='lat' dir='ltr'>propter</span> <span class='ocrx_word' id='word_1_58' title='bbox 1522 744 1653 794; x_wconf 87' lang='lat' dir='ltr'>Christum</span> <span class='ocrx_word' id='word_1_59' title='bbox 1671 760 1718 810; x_wconf 87' lang='lat' dir='ltr'>per</span> <span class='ocrx_word' id='word_1_60' title='bbox 1734 744 1940 794; x_wconf 75' lang='lat' dir='ltr'>misericordiam</span> <span class='ocrx_word' id='word_1_61' title='bbox 1954 744 2049 793; x_wconf 83' lang='lat' dir='ltr'>doneri</span> <span class='ocrx_word' id='word_1_62' title='bbox 2066 745 2203 794; x_wconf 88' lang='lat' dir='ltr'>remissio·</span> 
     </span>
     <span class='ocr_line' id='line_1_5' title="bbox 186 810 2201 882; baseline -0 -20"><span class='ocrx_word' id='word_1_63' title='bbox 186 822 293 882; x_wconf 85' lang='lat' dir='ltr'>propter</span> <span class='ocrx_word' id='word_1_64' title='bbox 311 815 409 876; x_wconf 88' lang='lat' dir='ltr'>legem,</span> <span class='ocrx_word' id='word_1_65' title='bbox 426 811 558 861; x_wconf 80' lang='lat' dir='ltr'>imtiioeti</span> <span class='ocrx_word' id='word_1_66' title='bbox 575 816 765 873; x_wconf 80' lang='lat' dir='ltr'>consequentur</span> <span class='ocrx_word' id='word_1_67' title='bbox 782 810 863 858; x_wconf 88' lang='lat' dir='ltr'>uitem</span> <span class='ocrx_word' id='word_1_68' title='bbox 880 815 1021 857; x_wconf 81' lang='lat' dir='ltr'>ueternum.</span> <span class='ocrx_word' id='word_1_69' title='bbox 1187 848 1190 855; x_wconf 89' lang='lat'>.</span> <span class='ocrx_word' id='word_1_70' title='bbox 1214 821 1275 857; x_wconf 85' lang='lat' dir='ltr'>uem</span> <span class='ocrx_word' id='word_1_71' title='bbox 1293 816 1468 872; x_wconf 86' lang='lat' dir='ltr'>peccetorum,</span> <span class='ocrx_word' id='word_1_72' title='bbox 1487 820 1513 861; x_wconf 92' lang='lat' dir='ltr'>ct</span> <span class='ocrx_word' id='word_1_73' title='bbox 1529 814 1611 863; x_wconf 86' lang='lat' dir='ltr'>uitem</span> <span class='ocrx_word' id='word_1_74' title='bbox 1628 821 1769 871; x_wconf 82' lang='lat' dir='ltr'>eeternem.</span> <span class='ocrx_word' id='word_1_75' title='bbox 1787 810 1863 862; x_wconf 86' lang='lat' dir='ltr'>Sicut</span> <span class='ocrx_word' id='word_1_76' title='bbox 1878 811 1996 861; x_wconf 87' lang='lat' dir='ltr'>Pselmns</span> <span class='ocrx_word' id='word_1_77' title='bbox 2015 813 2102 875; x_wconf 87' lang='lat' dir='ltr'>docet,</span> <span class='ocrx_word' id='word_1_78' title='bbox 2119 811 2201 866; x_wconf 73' lang='lat' dir='ltr'>Beed</span> 
     </span>
    </p>

    <p class='ocr_par' dir='ltr' id='par_1_3' title="bbox 137 876 2202 1636">
     <span class='ocr_line' id='line_1_6' title="bbox 257 876 2202 947; baseline 0.001 -15"><span class='ocrx_word' id='word_1_79' title='bbox 257 882 328 943; x_wconf 86' lang='lat' dir='ltr'>Quid</span> <span class='ocrx_word' id='word_1_80' title='bbox 344 882 425 944; x_wconf 92' lang='lat' dir='ltr'>igitur</span> <span class='ocrx_word' id='word_1_81' title='bbox 442 881 474 930; x_wconf 89' lang='lat' dir='ltr'>de</span> <span class='ocrx_word' id='word_1_82' title='bbox 491 878 627 928; x_wconf 76' lang='lat' dir='ltr'>mercede?</span> <span class='ocrx_word' id='word_1_83' title='bbox 653 877 766 926; x_wconf 81' lang='lat' dir='ltr'>Primum</span> <span class='ocrx_word' id='word_1_84' title='bbox 784 879 808 927; x_wconf 90' lang='lat' dir='ltr'>ei</span> <span class='ocrx_word' id='word_1_85' title='bbox 822 876 1164 937; x_wconf 85' lang='lat' dir='ltr'>diceremus,ilitemeeter·</span> <span class='ocrx_word' id='word_1_86' title='bbox 1188 894 1191 931; x_wconf 69' lang='grc' dir='ltr'>ς</span> <span class='ocrx_word' id='word_1_87' title='bbox 1213 890 1322 940; x_wconf 90' lang='lat' dir='ltr'>quorum</span> <span class='ocrx_word' id='word_1_88' title='bbox 1344 879 1466 929; x_wconf 87' lang='lat' dir='ltr'>remissee</span> <span class='ocrx_word' id='word_1_89' title='bbox 1488 888 1549 929; x_wconf 90' lang='lat' dir='ltr'>eunt</span> <span class='ocrx_word' id='word_1_90' title='bbox 1570 882 1729 947; x_wconf 71' lang='lat' dir='ltr'><strong>iniquitates.</strong></span> <span class='ocrx_word' id='word_1_91' title='bbox 1765 881 1800 930; x_wconf 85' lang='lat' dir='ltr'>iti</span> <span class='ocrx_word' id='word_1_92' title='bbox 1822 880 1918 933; x_wconf 84' lang='lat' dir='ltr'>Penius</span> <span class='ocrx_word' id='word_1_93' title='bbox 1941 884 1987 930; x_wconf 87' lang='lat' dir='ltr'>eit.</span> <span class='ocrx_word' id='word_1_94' title='bbox 2022 880 2112 931; x_wconf 85' lang='lat' dir='ltr'>Deuid</span> <span class='ocrx_word' id='word_1_95' title='bbox 2134 881 2202 933; x_wconf 86' lang='lat' dir='ltr'>dicit</span> 
     </span>
     <span class='ocr_line' id='line_1_7' title="bbox 186 942 2199 1015; baseline -0 -13"><span class='ocrx_word' id='word_1_96' title='bbox 186 967 248 1003; x_wconf 88' lang='lat' dir='ltr'>nem</span> <span class='ocrx_word' id='word_1_97' title='bbox 265 952 318 1000; x_wconf 91' lang='lat' dir='ltr'>dici</span> <span class='ocrx_word' id='word_1_98' title='bbox 337 950 497 1008; x_wconf 72' lang='lat' dir='ltr'>mercedem,</span> <span class='ocrx_word' id='word_1_99' title='bbox 515 948 577 1010; x_wconf 83' lang='lat' dir='ltr'>quie</span> <span class='ocrx_word' id='word_1_100' title='bbox 594 946 701 994; x_wconf 89' lang='lat' dir='ltr'>debetur</span> <span class='ocrx_word' id='word_1_101' title='bbox 717 944 862 996; x_wconf 88' lang='lat' dir='ltr'>iustiiicetis</span> <span class='ocrx_word' id='word_1_102' title='bbox 885 951 992 1009; x_wconf 86' lang='lat' dir='ltr'>propter</span> <span class='ocrx_word' id='word_1_103' title='bbox 1014 944 1164 1009; x_wconf 84' lang='lat' dir='ltr'>promissio·</span> <span class='ocrx_word' id='word_1_104' title='bbox 1187 942 1191 1003; x_wconf 73' lang='lat' dir='ltr'>i</span> <span class='ocrx_word' id='word_1_105' title='bbox 1214 944 1401 996; x_wconf 86' lang='lat' dir='ltr'>boetiiudinem</span> <span class='ocrx_word' id='word_1_106' title='bbox 1418 947 1540 1011; x_wconf 87' lang='lat' dir='ltr'>hominis,</span> <span class='ocrx_word' id='word_1_107' title='bbox 1559 953 1602 1000; x_wconf 89' lang='lat' dir='ltr'>cni</span> <span class='ocrx_word' id='word_1_108' title='bbox 1618 951 1690 1001; x_wconf 87' lang='lat' dir='ltr'>Deus</span> <span class='ocrx_word' id='word_1_109' title='bbox 1709 952 1819 1015; x_wconf 90' lang='lat' dir='ltr'>imputet</span> <span class='ocrx_word' id='word_1_110' title='bbox 1842 951 1972 1000; x_wconf 75' lang='lat' dir='ltr'>iusticiam</span> <span class='ocrx_word' id='word_1_111' title='bbox 1989 949 2046 998; x_wconf 90' lang='lat' dir='ltr'>eine</span> <span class='ocrx_word' id='word_1_112' title='bbox 2063 950 2199 1014; x_wconf 85' lang='lat' dir='ltr'>operibus.</span> 
     </span>
     <span class='ocr_line' id='line_1_8' title="bbox 187 1012 2199 1084; baseline -0.002 -12"><span class='ocrx_word' id='word_1_113' title='bbox 187 1036 257 1082; x_wconf 88' lang='lat' dir='ltr'>nem,</span> <span class='ocrx_word' id='word_1_114' title='bbox 274 1019 338 1069; x_wconf 90' lang='lat' dir='ltr'>nibil</span> <span class='ocrx_word' id='word_1_115' title='bbox 357 1019 463 1069; x_wconf 78' lang='lat' dir='ltr'>ebeni-di</span> <span class='ocrx_word' id='word_1_116' title='bbox 482 1017 633 1067; x_wconf 87' lang='lat' dir='ltr'>diceremus.</span> <span class='ocrx_word' id='word_1_117' title='bbox 661 1013 729 1065; x_wconf 84' lang='lat' dir='ltr'>Sunt</span> <span class='ocrx_word' id='word_1_118' title='bbox 746 1016 816 1065; x_wconf 87' lang='lat' dir='ltr'>enim</span> <span class='ocrx_word' id='word_1_119' title='bbox 834 1014 957 1064; x_wconf 88' lang='lat' dir='ltr'>ordinete</span> <span class='ocrx_word' id='word_1_120' title='bbox 974 1015 1081 1063; x_wconf 82' lang='lat' dir='ltr'>intereo</span> <span class='ocrx_word' id='word_1_121' title='bbox 1099 1012 1164 1061; x_wconf 83' lang='lat' dir='ltr'>iiiito</span> <span class='ocrx_word' id='word_1_122' title='bbox 1187 1020 1191 1051; x_wconf 69' lang='grc' dir='ltr'><em>ἒ</em></span> <span class='ocrx_word' id='word_1_123' title='bbox 1213 1012 1290 1063; x_wconf 83' lang='grc' dir='ltr'><strong>Ηιιοο</strong></span> <span class='ocrx_word' id='word_1_124' title='bbox 1307 1014 1458 1069; x_wconf 64' lang='lat' dir='ltr'>eirPenlus</span> <span class='ocrx_word' id='word_1_125' title='bbox 1477 1018 1580 1068; x_wconf 89' lang='lat' dir='ltr'>beeturn</span> <span class='ocrx_word' id='word_1_126' title='bbox 1602 1034 1671 1081; x_wconf 83' lang='lat' dir='ltr'>esse,</span> <span class='ocrx_word' id='word_1_127' title='bbox 1695 1021 1736 1068; x_wconf 91' lang='lat' dir='ltr'>cui</span> <span class='ocrx_word' id='word_1_128' title='bbox 1759 1022 1901 1084; x_wconf 75' lang='lat' dir='ltr'>imputatur</span> <span class='ocrx_word' id='word_1_129' title='bbox 1923 1018 2028 1069; x_wconf 85' lang='lat' dir='ltr'>iusticie</span> <span class='ocrx_word' id='word_1_130' title='bbox 2048 1033 2097 1083; x_wconf 89' lang='lat' dir='ltr'>per</span> <span class='ocrx_word' id='word_1_131' title='bbox 2117 1017 2199 1070; x_wconf 78' lang='lat' dir='ltr'>iidem</span> 
     </span>
     <span class='ocr_line' id='line_1_9' title="bbox 186 1076 2199 1153; baseline -0 -14"><span class='ocrx_word' id='word_1_132' title='bbox 186 1092 266 1141; x_wconf 87' lang='lat' dir='ltr'>done.</span> <span class='ocrx_word' id='word_1_133' title='bbox 303 1088 378 1138; x_wconf 88' lang='lat' dir='ltr'>Sicut</span> <span class='ocrx_word' id='word_1_134' title='bbox 394 1095 421 1136; x_wconf 87' lang='lat' dir='ltr'>et</span> <span class='ocrx_word' id='word_1_135' title='bbox 437 1086 597 1149; x_wconf 73' lang='lat' dir='ltr'><strong>Augustinus</strong></span> <span class='ocrx_word' id='word_1_136' title='bbox 615 1085 661 1133; x_wconf 89' lang='lat' dir='ltr'>eit.</span> <span class='ocrx_word' id='word_1_137' title='bbox 694 1082 776 1133; x_wconf 89' lang='lat' dir='ltr'>Done</span> <span class='ocrx_word' id='word_1_138' title='bbox 792 1098 840 1133; x_wconf 87' lang='lat' dir='ltr'>sue</span> <span class='ocrx_word' id='word_1_139' title='bbox 856 1088 967 1132; x_wconf 88' lang='lat' dir='ltr'>coronet</span> <span class='ocrx_word' id='word_1_140' title='bbox 982 1078 1055 1131; x_wconf 84' lang='lat' dir='ltr'>Deus</span> <span class='ocrx_word' id='word_1_141' title='bbox 1072 1082 1099 1131; x_wconf 91' lang='lat' dir='ltr'>in</span> <span class='ocrx_word' id='word_1_142' title='bbox 1117 1094 1165 1131; x_wconf 91' lang='lat' dir='ltr'>no·</span> <span class='ocrx_word' id='word_1_143' title='bbox 1187 1076 1191 1111; x_wconf 88' lang='lat'>¹</span> <span class='ocrx_word' id='word_1_144' title='bbox 1213 1083 1241 1130; x_wconf 92' lang='lat' dir='ltr'>in</span> <span class='ocrx_word' id='word_1_145' title='bbox 1260 1081 1406 1146; x_wconf 79' lang='lat' dir='ltr'>Christum,</span> <span class='ocrx_word' id='word_1_146' title='bbox 1424 1086 1525 1135; x_wconf 88' lang='lat' dir='ltr'>etiemsi</span> <span class='ocrx_word' id='word_1_147' title='bbox 1543 1089 1616 1137; x_wconf 88' lang='lat' dir='ltr'>nulle</span> <span class='ocrx_word' id='word_1_148' title='bbox 1632 1088 1728 1139; x_wconf 86' lang='lat' dir='ltr'>bebeet</span> <span class='ocrx_word' id='word_1_149' title='bbox 1752 1088 1822 1136; x_wconf 89' lang='lat' dir='ltr'>bona</span> <span class='ocrx_word' id='word_1_150' title='bbox 1846 1102 1935 1153; x_wconf 85' lang='lat' dir='ltr'>opere.</span> <span class='ocrx_word' id='word_1_151' title='bbox 1969 1086 2077 1137; x_wconf 83' lang='lat' dir='ltr'>Teiibne</span> <span class='ocrx_word' id='word_1_152' title='bbox 2102 1102 2199 1138; x_wconf 87' lang='lat' dir='ltr'>coneo·</span> 
     </span>
     <span class='ocr_line' id='line_1_10' title="bbox 187 1150 2199 1219; baseline -0.001 -9"><span class='ocrx_word' id='word_1_153' title='bbox 187 1160 237 1210; x_wconf 87' lang='lat' dir='ltr'>bis.</span> <span class='ocrx_word' id='word_1_154' title='bbox 273 1157 328 1209; x_wconf 82' lang='lat' dir='ltr'>Sed</span> <span class='ocrx_word' id='word_1_155' title='bbox 344 1157 471 1219; x_wconf 85' lang='lat' dir='ltr'>scripture</span> <span class='ocrx_word' id='word_1_156' title='bbox 488 1155 569 1203; x_wconf 88' lang='lat' dir='ltr'>uitem</span> <span class='ocrx_word' id='word_1_157' title='bbox 591 1160 724 1201; x_wconf 78' lang='lat' dir='ltr'>ueternum</span> <span class='ocrx_word' id='word_1_158' title='bbox 741 1158 821 1201; x_wconf 88' lang='lat' dir='ltr'>uocet</span> <span class='ocrx_word' id='word_1_159' title='bbox 842 1151 1002 1212; x_wconf 88' lang='lat' dir='ltr'>mercedem,</span> <span class='ocrx_word' id='word_1_160' title='bbox 1026 1164 1079 1200; x_wconf 93' lang='lat' dir='ltr'>non</span> <span class='ocrx_word' id='word_1_161' title='bbox 1104 1150 1166 1213; x_wconf 87' lang='lat' dir='ltr'>quie</span> <span class='ocrx_word' id='word_1_162' title='bbox 1188 1152 1191 1199; x_wconf 70' lang='lat' dir='ltr'>i</span> <span class='ocrx_word' id='word_1_163' title='bbox 1212 1150 1355 1201; x_wconf 79' lang='lat' dir='ltr'>lenonibus</span> <span class='ocrx_word' id='word_1_164' title='bbox 1381 1153 1522 1216; x_wconf 75' lang='lat' dir='ltr'><strong>erigendae</strong></span> <span class='ocrx_word' id='word_1_165' title='bbox 1544 1165 1604 1205; x_wconf 87' lang='lat' dir='ltr'>eunt</span> <span class='ocrx_word' id='word_1_166' title='bbox 1627 1158 1819 1217; x_wconf 84' lang='lat' dir='ltr'>conscientiae,</span> <span class='ocrx_word' id='word_1_167' title='bbox 1842 1164 1868 1206; x_wconf 93' lang='lat' dir='ltr'>et</span> <span class='ocrx_word' id='word_1_168' title='bbox 1890 1155 2096 1216; x_wconf 81' lang='lat' dir='ltr'>confirmendee,</span> <span class='ocrx_word' id='word_1_169' title='bbox 2125 1157 2199 1219; x_wconf 88' lang='lat' dir='ltr'>quod</span> 
     </span>
     <span class='ocr_line' id='line_1_11' title="bbox 187 1214 2197 1293; baseline -0.002 -16"><span class='ocrx_word' id='word_1_170' title='bbox 187 1234 293 1293; x_wconf 89' lang='lat' dir='ltr'>propter</span> <span class='ocrx_word' id='word_1_171' title='bbox 310 1239 390 1289; x_wconf 87' lang='lat' dir='ltr'>opere</span> <span class='ocrx_word' id='word_1_172' title='bbox 406 1224 539 1284; x_wconf 80' lang='lat' dir='ltr'>debentur,</span> <span class='ocrx_word' id='word_1_173' title='bbox 556 1221 603 1271; x_wconf 86' lang='lat' dir='ltr'>sed</span> <span class='ocrx_word' id='word_1_174' title='bbox 620 1222 682 1286; x_wconf 85' lang='lat' dir='ltr'>quie</span> <span class='ocrx_word' id='word_1_175' title='bbox 699 1214 847 1285; x_wconf 75' lang='lat' dir='ltr'>iompeneet</span> <span class='ocrx_word' id='word_1_176' title='bbox 862 1219 1017 1270; x_wconf 68' lang='lat' dir='ltr'>afflictiones</span> <span class='ocrx_word' id='word_1_177' title='bbox 1035 1225 1063 1267; x_wconf 91' lang='lat' dir='ltr'>et</span> <span class='ocrx_word' id='word_1_178' title='bbox 1076 1232 1166 1283; x_wconf 85' lang='lat' dir='ltr'>opere,</span> <span class='ocrx_word' id='word_1_179' title='bbox 1186 1218 1191 1283; x_wconf 75' lang='lat' dir='ltr'>j</span> <span class='ocrx_word' id='word_1_180' title='bbox 1213 1227 1320 1284; x_wconf 91' lang='lat' dir='ltr'>propter</span> <span class='ocrx_word' id='word_1_181' title='bbox 1337 1218 1472 1271; x_wconf 78' lang='lat' dir='ltr'>Christum</span> <span class='ocrx_word' id='word_1_182' title='bbox 1492 1238 1538 1288; x_wconf 91' lang='lat' dir='ltr'>per</span> <span class='ocrx_word' id='word_1_183' title='bbox 1555 1222 1634 1276; x_wconf 87' lang='lat' dir='ltr'>iidem</span> <span class='ocrx_word' id='word_1_184' title='bbox 1658 1226 1853 1289; x_wconf 64' lang='lat' dir='ltr'>contingente)</span> <span class='ocrx_word' id='word_1_185' title='bbox 1876 1224 1996 1274; x_wconf 87' lang='lat' dir='ltr'>remissio</span> <span class='ocrx_word' id='word_1_186' title='bbox 2019 1230 2197 1289; x_wconf 80' lang='lat' dir='ltr'>peccatorum,</span> 
     </span>
     <span class='ocr_line' id='line_1_12' title="bbox 186 1285 2197 1359; baseline -0.001 -14"><span class='ocrx_word' id='word_1_187' title='bbox 186 1303 215 1346; x_wconf 89' lang='lat' dir='ltr'>et</span> <span class='ocrx_word' id='word_1_188' title='bbox 240 1298 263 1345; x_wconf 85' lang='lat' dir='ltr'>ei</span> <span class='ocrx_word' id='word_1_189' title='bbox 285 1302 392 1359; x_wconf 88' lang='lat' dir='ltr'>propter</span> <span class='ocrx_word' id='word_1_190' title='bbox 416 1292 494 1343; x_wconf 89' lang='lat' dir='ltr'>sliem</span> <span class='ocrx_word' id='word_1_191' title='bbox 524 1304 629 1339; x_wconf 87' lang='lat' dir='ltr'>censum</span> <span class='ocrx_word' id='word_1_192' title='bbox 652 1290 790 1352; x_wconf 92' lang='lat' dir='ltr'>contingit.</span> <span class='ocrx_word' id='word_1_193' title='bbox 830 1288 906 1339; x_wconf 83' lang='lat' dir='ltr'>Sicut</span> <span class='ocrx_word' id='word_1_194' title='bbox 931 1285 1065 1338; x_wconf 83' lang='lat' dir='ltr'>bereditee</span> <span class='ocrx_word' id='word_1_195' title='bbox 1091 1287 1166 1337; x_wconf 88' lang='lat' dir='ltr'>uenit</span> <span class='ocrx_word' id='word_1_196' title='bbox 1212 1289 1347 1350; x_wconf 89' lang='lat' dir='ltr'>reputecio</span> <span class='ocrx_word' id='word_1_197' title='bbox 1365 1291 1500 1354; x_wconf 86' lang='lat' dir='ltr'>iusticiee,</span> <span class='ocrx_word' id='word_1_198' title='bbox 1524 1301 1551 1341; x_wconf 91' lang='lat' dir='ltr'>et</span> <span class='ocrx_word' id='word_1_199' title='bbox 1568 1297 1620 1343; x_wconf 89' lang='lat' dir='ltr'>uite</span> <span class='ocrx_word' id='word_1_200' title='bbox 1640 1302 1756 1346; x_wconf 74' lang='lat' dir='ltr'>aeterne.</span> <span class='ocrx_word' id='word_1_201' title='bbox 1792 1291 1870 1353; x_wconf 86' lang='lat' dir='ltr'>Quod</span> <span class='ocrx_word' id='word_1_202' title='bbox 1892 1294 1915 1342; x_wconf 90' lang='lat' dir='ltr'>ei</span> <span class='ocrx_word' id='word_1_203' title='bbox 1938 1294 1966 1343; x_wconf 91' lang='lat' dir='ltr'>iu</span> <span class='ocrx_word' id='word_1_204' title='bbox 1989 1293 2055 1342; x_wconf 91' lang='lat' dir='ltr'>locis</span> <span class='ocrx_word' id='word_1_205' title='bbox 2077 1292 2113 1343; x_wconf 88' lang='lat' dir='ltr'>de</span> <span class='ocrx_word' id='word_1_206' title='bbox 2134 1307 2197 1358; x_wconf 89' lang='lat' dir='ltr'>ops·</span> 
     </span>
     <span class='ocr_line' id='line_1_13' title="bbox 187 1356 2197 1427; baseline -0.001 -13"><span class='ocrx_word' id='word_1_207' title='bbox 187 1364 242 1414; x_wconf 76' lang='lat' dir='ltr'>ilio</span> <span class='ocrx_word' id='word_1_208' title='bbox 262 1363 389 1423; x_wconf 82' lang='lat' dir='ltr'>iamiiies,</span> <span class='ocrx_word' id='word_1_209' title='bbox 412 1375 466 1409; x_wconf 94' lang='lat' dir='ltr'>non</span> <span class='ocrx_word' id='word_1_210' title='bbox 489 1366 597 1424; x_wconf 89' lang='lat' dir='ltr'>propter</span> <span class='ocrx_word' id='word_1_211' title='bbox 620 1356 709 1406; x_wconf 80' lang='lat' dir='ltr'>officie</span> <span class='ocrx_word' id='word_1_212' title='bbox 724 1372 786 1418; x_wconf 89' lang='lat' dir='ltr'>sue,</span> <span class='ocrx_word' id='word_1_213' title='bbox 812 1365 838 1406; x_wconf 88' lang='lat' dir='ltr'>et</span> <span class='ocrx_word' id='word_1_214' title='bbox 861 1365 947 1406; x_wconf 88' lang='lat' dir='ltr'>temen</span> <span class='ocrx_word' id='word_1_215' title='bbox 964 1363 1005 1405; x_wconf 87' lang='lat' dir='ltr'>est</span> <span class='ocrx_word' id='word_1_216' title='bbox 1020 1370 1119 1406; x_wconf 88' lang='lat' dir='ltr'>merces</span> <span class='ocrx_word' id='word_1_217' title='bbox 1137 1364 1165 1405; x_wconf 88' lang='lat' dir='ltr'>st</span> <span class='ocrx_word' id='word_1_218' title='bbox 1212 1356 1285 1405; x_wconf 86' lang='lat' dir='ltr'>ribus</span> <span class='ocrx_word' id='word_1_219' title='bbox 1307 1356 1358 1407; x_wconf 88' lang='lat' dir='ltr'>hoc</span> <span class='ocrx_word' id='word_1_220' title='bbox 1382 1359 1462 1409; x_wconf 90' lang='lat' dir='ltr'>modo</span> <span class='ocrx_word' id='word_1_221' title='bbox 1484 1360 1550 1411; x_wconf 82' lang='lat' dir='ltr'>fldee</span> <span class='ocrx_word' id='word_1_222' title='bbox 1573 1363 1747 1427; x_wconf 86' lang='lat' dir='ltr'>intelligetur,</span> <span class='ocrx_word' id='word_1_223' title='bbox 1770 1363 1836 1413; x_wconf 87' lang='lat' dir='ltr'><strong>nihil</strong></span> <span class='ocrx_word' id='word_1_224' title='bbox 1862 1360 1982 1411; x_wconf 79' lang='lat' dir='ltr'>officiunt</span> <span class='ocrx_word' id='word_1_225' title='bbox 2005 1368 2113 1415; x_wconf 78' lang='lat' dir='ltr'>noetm</span> <span class='ocrx_word' id='word_1_226' title='bbox 2135 1377 2197 1411; x_wconf 90' lang='lat' dir='ltr'>esu·</span> 
     </span>
     <span class='ocr_line' id='line_1_14' title="bbox 188 1420 2196 1497; baseline -0.001 -13"><span class='ocrx_word' id='word_1_227' title='bbox 188 1433 367 1497; x_wconf 70' lang='lat' dir='ltr'>compensatio</span> <span class='ocrx_word' id='word_1_228' title='bbox 393 1430 541 1479; x_wconf 84' lang='lat' dir='ltr'>officiorum</span> <span class='ocrx_word' id='word_1_229' title='bbox 566 1426 622 1491; x_wconf 83' lang='lat' dir='ltr'>nlij.</span> <span class='ocrx_word' id='word_1_230' title='bbox 657 1424 728 1476; x_wconf 77' lang='lat' dir='ltr'>siue</span> <span class='ocrx_word' id='word_1_231' title='bbox 754 1432 794 1474; x_wconf 89' lang='lat' dir='ltr'>eet</span> <span class='ocrx_word' id='word_1_232' title='bbox 816 1427 898 1487; x_wconf 90' lang='lat' dir='ltr'>igitur</span> <span class='ocrx_word' id='word_1_233' title='bbox 919 1439 1015 1475; x_wconf 88' lang='lat' dir='ltr'>nomen</span> <span class='ocrx_word' id='word_1_234' title='bbox 1037 1425 1165 1474; x_wconf 86' lang='lat' dir='ltr'>mercedis</span> <span class='ocrx_word' id='word_1_235' title='bbox 1188 1420 1323 1483; x_wconf 72' lang='lat' dir='ltr'>itenciee.</span> <span class='ocrx_word' id='word_1_236' title='bbox 1359 1427 1397 1477; x_wconf 83' lang='lat' dir='ltr'>Ite</span> <span class='ocrx_word' id='word_1_237' title='bbox 1413 1429 1530 1492; x_wconf 84' lang='lat' dir='ltr'>proiecto</span> <span class='ocrx_word' id='word_1_238' title='bbox 1547 1444 1653 1481; x_wconf 87' lang='lat' dir='ltr'>neccsse</span> <span class='ocrx_word' id='word_1_239' title='bbox 1671 1439 1711 1483; x_wconf 88' lang='lat' dir='ltr'>est</span> <span class='ocrx_word' id='word_1_240' title='bbox 1735 1446 1838 1496; x_wconf 85' lang='lat' dir='ltr'>semper</span> <span class='ocrx_word' id='word_1_241' title='bbox 1860 1430 1960 1480; x_wconf 85' lang='lat' dir='ltr'>eddere</span> <span class='ocrx_word' id='word_1_242' title='bbox 1975 1429 2071 1491; x_wconf 78' lang='lat' dir='ltr'>fidem,</span> <span class='ocrx_word' id='word_1_243' title='bbox 2093 1443 2128 1480; x_wconf 89' lang='lat' dir='ltr'>ne</span> <span class='ocrx_word' id='word_1_244' title='bbox 2149 1445 2196 1482; x_wconf 82' lang='lat' dir='ltr'>ex·</span> 
     </span>
     <span class='ocr_line' id='line_1_15' title="bbox 186 1492 2198 1565; baseline -0.001 -13"><span class='ocrx_word' id='word_1_245' title='bbox 186 1501 237 1552; x_wconf 90' lang='lat' dir='ltr'>bec</span> <span class='ocrx_word' id='word_1_246' title='bbox 259 1501 363 1550; x_wconf 89' lang='lat' dir='ltr'>retione</span> <span class='ocrx_word' id='word_1_247' title='bbox 386 1500 529 1548; x_wconf 82' lang='lat' dir='ltr'>conuenire</span> <span class='ocrx_word' id='word_1_248' title='bbox 551 1497 622 1545; x_wconf 88' lang='lat' dir='ltr'>uitee</span> <span class='ocrx_word' id='word_1_249' title='bbox 646 1502 780 1555; x_wconf 88' lang='lat' dir='ltr'>eetemee,</span> <span class='ocrx_word' id='word_1_250' title='bbox 803 1497 864 1558; x_wconf 85' lang='lat' dir='ltr'>quie</span> <span class='ocrx_word' id='word_1_251' title='bbox 886 1494 942 1543; x_wconf 90' lang='lat' dir='ltr'>uite</span> <span class='ocrx_word' id='word_1_252' title='bbox 964 1500 1071 1543; x_wconf 77' lang='lat' dir='ltr'>euterun</span> <span class='ocrx_word' id='word_1_253' title='bbox 1094 1507 1164 1542; x_wconf 91' lang='lat' dir='ltr'>coni·</span> <span class='ocrx_word' id='word_1_254' title='bbox 1187 1492 1192 1543; x_wconf 90' lang='grc' dir='ltr'>Ι</span> <span class='ocrx_word' id='word_1_255' title='bbox 1214 1493 1346 1544; x_wconf 81' lang='lat' dir='ltr'>cludimus</span> <span class='ocrx_word' id='word_1_256' title='bbox 1363 1496 1535 1547; x_wconf 88' lang='lat' dir='ltr'>medietorem</span> <span class='ocrx_word' id='word_1_257' title='bbox 1553 1499 1693 1553; x_wconf 78' lang='lat' dir='ltr'>Christum.</span> <span class='ocrx_word' id='word_1_258' title='bbox 1723 1499 1815 1551; x_wconf 71' lang='lat' dir='ltr'>Fidem</span> <span class='ocrx_word' id='word_1_259' title='bbox 1832 1506 1919 1549; x_wconf 85' lang='lat' dir='ltr'>eutem</span> <span class='ocrx_word' id='word_1_260' title='bbox 1937 1498 2006 1548; x_wconf 85' lang='lat' dir='ltr'>bone</span> <span class='ocrx_word' id='word_1_261' title='bbox 2022 1512 2104 1563; x_wconf 91' lang='lat' dir='ltr'>opere</span> <span class='ocrx_word' id='word_1_262' title='bbox 2121 1501 2198 1565; x_wconf 82' lang='lat' dir='ltr'>sequi</span> 
     </span>
     <span class='ocr_line' id='line_1_16' title="bbox 137 1561 2027 1636; baseline 0.001 -19"><span class='ocrx_word' id='word_1_263' title='bbox 137 1604 142 1611; x_wconf 92' lang='lat'>.</span> <span class='ocrx_word' id='word_1_264' title='bbox 185 1575 280 1635; x_wconf 86' lang='lat' dir='ltr'>penset</span> <span class='ocrx_word' id='word_1_265' title='bbox 297 1569 369 1623; x_wconf 86' lang='lat' dir='ltr'>bone</span> <span class='ocrx_word' id='word_1_266' title='bbox 385 1581 465 1633; x_wconf 89' lang='lat' dir='ltr'>opere</span> <span class='ocrx_word' id='word_1_267' title='bbox 482 1572 508 1615; x_wconf 88' lang='lat' dir='ltr'>et</span> <span class='ocrx_word' id='word_1_268' title='bbox 525 1564 692 1614; x_wconf 77' lang='lat' dir='ltr'>afflictiones.</span> <span class='ocrx_word' id='word_1_269' title='bbox 728 1562 790 1612; x_wconf 82' lang='lat' dir='ltr'>Nou</span> <span class='ocrx_word' id='word_1_270' title='bbox 812 1572 854 1613; x_wconf 87' lang='lat' dir='ltr'>cst</span> <span class='ocrx_word' id='word_1_271' title='bbox 875 1563 955 1626; x_wconf 88' lang='lat' dir='ltr'>igitur</span> <span class='ocrx_word' id='word_1_272' title='bbox 978 1563 1033 1611; x_wconf 81' lang='lat' dir='ltr'>uitii</span> <span class='ocrx_word' id='word_1_273' title='bbox 1055 1569 1164 1612; x_wconf 77' lang='lat' dir='ltr'>euterun</span> <span class='ocrx_word' id='word_1_274' title='bbox 1215 1561 1321 1625; x_wconf 88' lang='lat' dir='ltr'>debent,</span> <span class='ocrx_word' id='word_1_275' title='bbox 1339 1566 1401 1627; x_wconf 85' lang='lat' dir='ltr'>quie</span> <span class='ocrx_word' id='word_1_276' title='bbox 1416 1564 1481 1615; x_wconf 83' lang='lat' dir='ltr'>fldes</span> <span class='ocrx_word' id='word_1_277' title='bbox 1497 1568 1554 1617; x_wconf 91' lang='lat' dir='ltr'>eine</span> <span class='ocrx_word' id='word_1_278' title='bbox 1571 1569 1647 1619; x_wconf 88' lang='lat' dir='ltr'>bonis</span> <span class='ocrx_word' id='word_1_279' title='bbox 1666 1569 1797 1636; x_wconf 89' lang='lat' dir='ltr'>operibue,</span> <span class='ocrx_word' id='word_1_280' title='bbox 1814 1567 1960 1633; x_wconf 78' lang='lat' dir='ltr'>hypocrisis</span> <span class='ocrx_word' id='word_1_281' title='bbox 1979 1575 2027 1618; x_wconf 89' lang='lat' dir='ltr'>eet.</span> 
     </span>
    </p>

    <p class='ocr_par' dir='ltr' id='par_1_4' title="bbox 186 1570 2195 1841">
     <span class='ocr_line' id='line_1_17' title="bbox 186 1570 2195 1703; baseline 0 -16"><span class='ocrx_word' id='word_1_282' title='bbox 186 1650 296 1697; x_wconf 86' lang='lat' dir='ltr'>meroes,</span> <span class='ocrx_word' id='word_1_283' title='bbox 314 1637 373 1701; x_wconf 87' lang='lat' dir='ltr'>quie</span> <span class='ocrx_word' id='word_1_284' title='bbox 392 1650 473 1701; x_wconf 84' lang='lat' dir='ltr'>opere</span> <span class='ocrx_word' id='word_1_285' title='bbox 488 1633 627 1693; x_wconf 81' lang='lat' dir='ltr'>sufficient,</span> <span class='ocrx_word' id='word_1_286' title='bbox 644 1632 707 1696; x_wconf 84' lang='lat' dir='ltr'>quie</span> <span class='ocrx_word' id='word_1_287' title='bbox 724 1631 851 1681; x_wconf 85' lang='lat' dir='ltr'>debentur</span> <span class='ocrx_word' id='word_1_288' title='bbox 872 1645 920 1696; x_wconf 92' lang='lat' dir='ltr'>pro</span> <span class='ocrx_word' id='word_1_289' title='bbox 944 1631 1073 1695; x_wconf 89' lang='lat' dir='ltr'>operibus.</span> <span class='ocrx_word' id='word_1_290' title='bbox 1109 1570 1191 1683; x_wconf 51' lang='lat' dir='ltr'>Sed!</span> <span class='ocrx_word' id='word_1_291' title='bbox 1281 1632 1387 1682; x_wconf 75' lang='lat' dir='ltr'>Habent</span> <span class='ocrx_word' id='word_1_292' title='bbox 1403 1640 1430 1683; x_wconf 89' lang='lat' dir='ltr'>et</span> <span class='ocrx_word' id='word_1_293' title='bbox 1447 1636 1475 1683; x_wconf 93' lang='lat' dir='ltr'>in</span> <span class='ocrx_word' id='word_1_294' title='bbox 1496 1634 1601 1687; x_wconf 85' lang='lat' dir='ltr'>Sobolis</span> <span class='ocrx_word' id='word_1_295' title='bbox 1625 1639 1753 1703; x_wconf 85' lang='lat' dir='ltr'>queedem</span> <span class='ocrx_word' id='word_1_296' title='bbox 1775 1636 1997 1702; x_wconf 86' lang='lat' dir='ltr'>epopbibegmete</span> <span class='ocrx_word' id='word_1_297' title='bbox 2018 1642 2195 1687; x_wconf 76' lang='lat' dir='ltr'>consentinos</span> 
     </span>
     <span class='ocr_line' id='line_1_18' title="bbox 186 1699 2194 1771; baseline -0.001 -15"><span class='ocrx_word' id='word_1_298' title='bbox 186 1706 367 1767; x_wconf 88' lang='lat' dir='ltr'>consecutiue,</span> <span class='ocrx_word' id='word_1_299' title='bbox 395 1707 456 1770; x_wconf 89' lang='lat' dir='ltr'>quie</span> <span class='ocrx_word' id='word_1_300' title='bbox 482 1719 539 1755; x_wconf 91' lang='lat' dir='ltr'>cum</span> <span class='ocrx_word' id='word_1_301' title='bbox 568 1708 674 1767; x_wconf 90' lang='lat' dir='ltr'>propter</span> <span class='ocrx_word' id='word_1_302' title='bbox 696 1700 773 1751; x_wconf 87' lang='lat' dir='ltr'>aliem</span> <span class='ocrx_word' id='word_1_303' title='bbox 797 1714 901 1750; x_wconf 86' lang='lat' dir='ltr'>ceueem</span> <span class='ocrx_word' id='word_1_304' title='bbox 925 1699 1052 1763; x_wconf 88' lang='lat' dir='ltr'>contigit,</span> <span class='ocrx_word' id='word_1_305' title='bbox 1075 1706 1164 1751; x_wconf 89' lang='lat' dir='ltr'>temen</span> <span class='ocrx_word' id='word_1_306' title='bbox 1213 1708 1320 1751; x_wconf 89' lang='lat' dir='ltr'>noetree</span> <span class='ocrx_word' id='word_1_307' title='bbox 1336 1703 1496 1762; x_wconf 81' lang='lat' dir='ltr'>scntsnciee,</span> <span class='ocrx_word' id='word_1_308' title='bbox 1512 1707 1601 1767; x_wconf 88' lang='lat' dir='ltr'>quelie</span> <span class='ocrx_word' id='word_1_309' title='bbox 1616 1715 1690 1768; x_wconf 90' lang='lat' dir='ltr'>sunt,</span> <span class='ocrx_word' id='word_1_310' title='bbox 1708 1707 1779 1771; x_wconf 87' lang='lat' dir='ltr'>quod</span> <span class='ocrx_word' id='word_1_311' title='bbox 1797 1706 1868 1757; x_wconf 87' lang='lat' dir='ltr'>bone</span> <span class='ocrx_word' id='word_1_312' title='bbox 1890 1719 1973 1771; x_wconf 85' lang='lat' dir='ltr'>opere</span> <span class='ocrx_word' id='word_1_313' title='bbox 1995 1705 2119 1767; x_wconf 83' lang='lat' dir='ltr'>pleceeut</span> <span class='ocrx_word' id='word_1_314' title='bbox 2135 1703 2194 1753; x_wconf 89' lang='lat' dir='ltr'>Deo</span> 
     </span>
     <span class='ocr_line' id='line_1_19' title="bbox 186 1772 2195 1841; baseline -0.001 -17"><span class='ocrx_word' id='word_1_315' title='bbox 186 1782 341 1841; x_wconf 86' lang='lat' dir='ltr'>compenset</span> <span class='ocrx_word' id='word_1_316' title='bbox 356 1788 437 1838; x_wconf 86' lang='lat' dir='ltr'>opere</span> <span class='ocrx_word' id='word_1_317' title='bbox 453 1780 480 1823; x_wconf 89' lang='lat' dir='ltr'>et</span> <span class='ocrx_word' id='word_1_318' title='bbox 495 1772 660 1823; x_wconf 84' lang='lat' dir='ltr'>eiiiictiones.</span> <span class='ocrx_word' id='word_1_319' title='bbox 1212 1775 1320 1833; x_wconf 86' lang='lat' dir='ltr'>propter</span> <span class='ocrx_word' id='word_1_320' title='bbox 1336 1772 1454 1832; x_wconf 87' lang='lat' dir='ltr'>gratiein.</span> <span class='ocrx_word' id='word_1_321' title='bbox 1488 1772 1556 1823; x_wconf 89' lang='lat' dir='ltr'>Item</span> <span class='ocrx_word' id='word_1_322' title='bbox 1573 1775 1644 1838; x_wconf 89' lang='lat' dir='ltr'>qnod</span> <span class='ocrx_word' id='word_1_323' title='bbox 1660 1776 1695 1826; x_wconf 92' lang='lat' dir='ltr'>sit</span> <span class='ocrx_word' id='word_1_324' title='bbox 1712 1773 1896 1825; x_wconf 81' lang='lat' dir='ltr'>confidendum</span> <span class='ocrx_word' id='word_1_325' title='bbox 1913 1775 2014 1839; x_wconf 77' lang='lat' dir='ltr'>gretiee</span> <span class='ocrx_word' id='word_1_326' title='bbox 2030 1773 2092 1825; x_wconf 86' lang='lat' dir='ltr'>Dei.</span> <span class='ocrx_word' id='word_1_327' title='bbox 2120 1773 2195 1823; x_wconf 82' lang='lat' dir='ltr'>Heec</span> 
     </span>
    </p>

    <p class='ocr_par' dir='ltr' id='par_1_5' title="bbox 183 1837 2198 2731">
     <span class='ocr_line' id='line_1_20' title="bbox 254 1837 2196 1908; baseline -0.002 -14"><span class='ocrx_word' id='word_1_328' title='bbox 254 1843 399 1894; x_wconf 88' lang='lat' dir='ltr'>Priieteree</span> <span class='ocrx_word' id='word_1_329' title='bbox 420 1842 583 1892; x_wconf 80' lang='lat' dir='ltr'>concedimis</span> <span class='ocrx_word' id='word_1_330' title='bbox 610 1850 691 1904; x_wconf 87' lang='lat' dir='ltr'>opere</span> <span class='ocrx_word' id='word_1_331' title='bbox 712 1851 775 1887; x_wconf 87' lang='lat' dir='ltr'>uere</span> <span class='ocrx_word' id='word_1_332' title='bbox 799 1852 856 1887; x_wconf 85' lang='lat' dir='ltr'>esse</span> <span class='ocrx_word' id='word_1_333' title='bbox 878 1838 1023 1898; x_wconf 85' lang='lat' dir='ltr'>meritorie,</span> <span class='ocrx_word' id='word_1_334' title='bbox 1047 1851 1102 1888; x_wconf 94' lang='lat' dir='ltr'>non</span> <span class='ocrx_word' id='word_1_335' title='bbox 1123 1851 1163 1886; x_wconf 89' lang='lat' dir='ltr'>re·</span> <span class='ocrx_word' id='word_1_336' title='bbox 1215 1837 1283 1887; x_wconf 86' lang='lat' dir='ltr'>dicte</span> <span class='ocrx_word' id='word_1_337' title='bbox 1306 1851 1399 1901; x_wconf 87' lang='lat' dir='ltr'>perum</span> <span class='ocrx_word' id='word_1_338' title='bbox 1420 1843 1555 1892; x_wconf 91' lang='lat' dir='ltr'>commode</span> <span class='ocrx_word' id='word_1_339' title='bbox 1576 1846 1788 1908; x_wconf 84' lang='lat' dir='ltr'>interpretentur.</span> <span class='ocrx_word' id='word_1_340' title='bbox 1823 1843 1933 1893; x_wconf 88' lang='lat' dir='ltr'>Veteres</span> <span class='ocrx_word' id='word_1_341' title='bbox 1955 1843 2023 1891; x_wconf 87' lang='lat' dir='ltr'>enim</span> <span class='ocrx_word' id='word_1_342' title='bbox 2045 1842 2196 1891; x_wconf 88' lang='lat' dir='ltr'>sentiebent</span> 
     </span>
     <span class='ocr_line' id='line_1_21' title="bbox 186 1904 2196 1975; baseline -0.002 -12"><span class='ocrx_word' id='word_1_343' title='bbox 186 1912 318 1963; x_wconf 85' lang='lat' dir='ltr'>missionis</span> <span class='ocrx_word' id='word_1_344' title='bbox 336 1919 510 1975; x_wconf 82' lang='lat' dir='ltr'>peccatorum,</span> <span class='ocrx_word' id='word_1_345' title='bbox 528 1917 572 1959; x_wconf 89' lang='lat' dir='ltr'>eut</span> <span class='ocrx_word' id='word_1_346' title='bbox 589 1906 786 1958; x_wconf 76' lang='lat' dir='ltr'>iustificationis.</span> <span class='ocrx_word' id='word_1_347' title='bbox 817 1906 879 1956; x_wconf 83' lang='lat' dir='ltr'>Nou</span> <span class='ocrx_word' id='word_1_348' title='bbox 897 1908 965 1955; x_wconf 91' lang='lat' dir='ltr'>enim</span> <span class='ocrx_word' id='word_1_349' title='bbox 981 1906 1093 1971; x_wconf 86' lang='lat' dir='ltr'>pleoeiit,</span> <span class='ocrx_word' id='word_1_350' title='bbox 1111 1906 1163 1956; x_wconf 88' lang='lat' dir='ltr'>nisi</span> <span class='ocrx_word' id='word_1_351' title='bbox 1214 1904 1396 1957; x_wconf 88' lang='lat' dir='ltr'>conildendum</span> <span class='ocrx_word' id='word_1_352' title='bbox 1413 1922 1470 1961; x_wconf 86' lang='lat' dir='ltr'>esse</span> <span class='ocrx_word' id='word_1_353' title='bbox 1486 1912 1602 1974; x_wconf 67' lang='lat' dir='ltr'>mnes,</span> <span class='ocrx_word' id='word_1_354' title='bbox 1619 1912 1670 1963; x_wconf 92' lang='lat' dir='ltr'>boc</span> <span class='ocrx_word' id='word_1_355' title='bbox 1687 1922 1740 1974; x_wconf 88' lang='lat' dir='ltr'>est,</span> <span class='ocrx_word' id='word_1_356' title='bbox 1756 1913 1952 1963; x_wconf 83' lang='lat' dir='ltr'>misericordius</span> <span class='ocrx_word' id='word_1_357' title='bbox 1970 1910 2021 1961; x_wconf 88' lang='lat' dir='ltr'>Dei</span> <span class='ocrx_word' id='word_1_358' title='bbox 2042 1910 2196 1974; x_wconf 77' lang='lat' dir='ltr'>promitten-</span> 
     </span>
     <span class='ocr_line' id='line_1_22' title="bbox 186 1972 2195 2046; baseline -0.001 -15"><span class='ocrx_word' id='word_1_359' title='bbox 186 1982 215 2031; x_wconf 93' lang='lat' dir='ltr'>in</span> <span class='ocrx_word' id='word_1_360' title='bbox 232 1979 376 2030; x_wconf 77' lang='lat' dir='ltr'>instititutis</span> <span class='ocrx_word' id='word_1_361' title='bbox 393 1986 499 2045; x_wconf 89' lang='lat' dir='ltr'>propter</span> <span class='ocrx_word' id='word_1_362' title='bbox 514 1977 602 2038; x_wconf 86' lang='lat' dir='ltr'>tidem,</span> <span class='ocrx_word' id='word_1_363' title='bbox 618 1976 676 2027; x_wconf 82' lang='lat' dir='ltr'>Nec</span> <span class='ocrx_word' id='word_1_364' title='bbox 692 1983 753 2024; x_wconf 87' lang='lat' dir='ltr'>eunt</span> <span class='ocrx_word' id='word_1_365' title='bbox 770 1975 853 2039; x_wconf 80' lang='lat' dir='ltr'><strong>digne</strong></span> <span class='ocrx_word' id='word_1_366' title='bbox 869 1976 924 2024; x_wconf 88' lang='lat' dir='ltr'>nite</span> <span class='ocrx_word' id='word_1_367' title='bbox 941 1983 1058 2025; x_wconf 88' lang='lat' dir='ltr'>eeterne.</span> <span class='ocrx_word' id='word_1_368' title='bbox 1086 1972 1164 2025; x_wconf 88' lang='lat' dir='ltr'>Sicut</span> <span class='ocrx_word' id='word_1_369' title='bbox 1213 1975 1257 2034; x_wconf 89' lang='lat' dir='ltr'>tis,</span> <span class='ocrx_word' id='word_1_370' title='bbox 1274 1976 1346 2039; x_wconf 91' lang='lat' dir='ltr'>quod</span> <span class='ocrx_word' id='word_1_371' title='bbox 1363 1988 1471 2043; x_wconf 88' lang='lat' dir='ltr'>propter</span> <span class='ocrx_word' id='word_1_372' title='bbox 1491 1977 1623 2031; x_wconf 82' lang='lat' dir='ltr'>Christum</span> <span class='ocrx_word' id='word_1_373' title='bbox 1644 1983 1723 2032; x_wconf 89' lang='lat' dir='ltr'>simne</span> <span class='ocrx_word' id='word_1_374' title='bbox 1745 1982 1854 2046; x_wconf 88' lang='lat' dir='ltr'>eccepti.</span> <span class='ocrx_word' id='word_1_375' title='bbox 1888 1981 1926 2030; x_wconf 82' lang='lat' dir='ltr'>At</span> <span class='ocrx_word' id='word_1_376' title='bbox 1948 1979 2106 2030; x_wconf 87' lang='lat' dir='ltr'>recentioree</span> <span class='ocrx_word' id='word_1_377' title='bbox 2127 1978 2195 2028; x_wconf 78' lang='lat' dir='ltr'>fidn-</span> 
     </span>
     <span class='ocr_line' id='line_1_23' title="bbox 188 2042 2194 2115; baseline -0.001 -15"><span class='ocrx_word' id='word_1_378' title='bbox 188 2051 258 2100; x_wconf 84' lang='lat' dir='ltr'>euim</span> <span class='ocrx_word' id='word_1_379' title='bbox 274 2050 431 2109; x_wconf 82' lang='lat' dir='ltr'>iustificatio,</span> <span class='ocrx_word' id='word_1_380' title='bbox 447 2050 486 2098; x_wconf 86' lang='lat' dir='ltr'>ite</span> <span class='ocrx_word' id='word_1_381' title='bbox 503 2045 645 2097; x_wconf 84' lang='lat' dir='ltr'>uiuiiicetio</span> <span class='ocrx_word' id='word_1_382' title='bbox 667 2044 720 2093; x_wconf 83' lang='lat' dir='ltr'>fide</span> <span class='ocrx_word' id='word_1_383' title='bbox 738 2045 868 2107; x_wconf 90' lang='lat' dir='ltr'>contingit</span> <span class='ocrx_word' id='word_1_384' title='bbox 891 2050 999 2108; x_wconf 88' lang='lat' dir='ltr'>propter</span> <span class='ocrx_word' id='word_1_385' title='bbox 1020 2042 1163 2103; x_wconf 78' lang='lat' dir='ltr'>christum,</span> <span class='ocrx_word' id='word_1_386' title='bbox 1214 2043 1282 2091; x_wconf 85' lang='lat' dir='ltr'>ciem</span> <span class='ocrx_word' id='word_1_387' title='bbox 1298 2044 1456 2096; x_wconf 76' lang='lat' dir='ltr'>trmsiernnt</span> <span class='ocrx_word' id='word_1_388' title='bbox 1480 2047 1515 2098; x_wconf 89' lang='lat' dir='ltr'>ed</span> <span class='ocrx_word' id='word_1_389' title='bbox 1535 2057 1654 2100; x_wconf 80' lang='lat' dir='ltr'>eostmm</span> <span class='ocrx_word' id='word_1_390' title='bbox 1676 2065 1750 2115; x_wconf 86' lang='lat' dir='ltr'>opus.</span> <span class='ocrx_word' id='word_1_391' title='bbox 1786 2049 1910 2101; x_wconf 75' lang='lat' dir='ltr'>sentiunt</span> <span class='ocrx_word' id='word_1_392' title='bbox 1932 2047 2116 2099; x_wconf 77' lang='lat' dir='ltr'>confidendum</span> <span class='ocrx_word' id='word_1_393' title='bbox 2137 2060 2194 2097; x_wconf 82' lang='lat' dir='ltr'>esee</span> 
     </span>
     <span class='ocr_line' id='line_1_24' title="bbox 187 2111 2195 2183; baseline -0.001 -15"><span class='ocrx_word' id='word_1_394' title='bbox 187 2119 234 2169; x_wconf 88' lang='lat' dir='ltr'>sed</span> <span class='ocrx_word' id='word_1_395' title='bbox 251 2124 311 2167; x_wconf 88' lang='lat' dir='ltr'>eunt</span> <span class='ocrx_word' id='word_1_396' title='bbox 326 2118 460 2167; x_wconf 87' lang='lat' dir='ltr'>meritorie</span> <span class='ocrx_word' id='word_1_397' title='bbox 476 2118 588 2166; x_wconf 91' lang='lat' dir='ltr'>eliorum</span> <span class='ocrx_word' id='word_1_398' title='bbox 604 2115 762 2179; x_wconf 86' lang='lat' dir='ltr'>premiorum</span> <span class='ocrx_word' id='word_1_399' title='bbox 779 2113 969 2178; x_wconf 89' lang='lat' dir='ltr'>corporeiium,</span> <span class='ocrx_word' id='word_1_400' title='bbox 993 2120 1021 2161; x_wconf 91' lang='lat' dir='ltr'>et</span> <span class='ocrx_word' id='word_1_401' title='bbox 1041 2113 1163 2176; x_wconf 80' lang='lat' dir='ltr'>spiritus·</span> <span class='ocrx_word' id='word_1_402' title='bbox 1214 2112 1328 2175; x_wconf 81' lang='lat' dir='ltr'>gratiae,</span> <span class='ocrx_word' id='word_1_403' title='bbox 1345 2111 1398 2163; x_wconf 86' lang='lat' dir='ltr'>boc</span> <span class='ocrx_word' id='word_1_404' title='bbox 1415 2122 1470 2178; x_wconf 90' lang='lat' dir='ltr'>est,</span> <span class='ocrx_word' id='word_1_405' title='bbox 1488 2116 1632 2182; x_wconf 81' lang='lat' dir='ltr'><strong>dilectioni,</strong></span> <span class='ocrx_word' id='word_1_406' title='bbox 1650 2134 1701 2183; x_wconf 87' lang='lat' dir='ltr'>qne</span> <span class='ocrx_word' id='word_1_407' title='bbox 1717 2134 1765 2169; x_wconf 90' lang='lat' dir='ltr'>nos</span> <span class='ocrx_word' id='word_1_408' title='bbox 1783 2118 1868 2168; x_wconf 90' lang='lat' dir='ltr'>Deum</span> <span class='ocrx_word' id='word_1_409' title='bbox 1886 2118 2028 2181; x_wconf 87' lang='lat' dir='ltr'>diligimus.</span> <span class='ocrx_word' id='word_1_410' title='bbox 2063 2116 2138 2165; x_wconf 82' lang='lat' dir='ltr'>Heec</span> <span class='ocrx_word' id='word_1_411' title='bbox 2154 2117 2195 2165; x_wconf 88' lang='lat' dir='ltr'>iii·</span> 
     </span>
     <span class='ocr_line' id='line_1_25' title="bbox 186 2179 2196 2248; baseline -0.001 -11"><span class='ocrx_word' id='word_1_412' title='bbox 186 2187 263 2248; x_wconf 91' lang='lat' dir='ltr'>lium,</span> <span class='ocrx_word' id='word_1_413' title='bbox 288 2200 355 2248; x_wconf 87' lang='lat' dir='ltr'>qnec</span> <span class='ocrx_word' id='word_1_414' title='bbox 376 2186 521 2237; x_wconf 89' lang='lat' dir='ltr'>redduntur</span> <span class='ocrx_word' id='word_1_415' title='bbox 541 2192 595 2233; x_wconf 89' lang='lat' dir='ltr'>tuin</span> <span class='ocrx_word' id='word_1_416' title='bbox 612 2183 639 2232; x_wconf 94' lang='lat' dir='ltr'>in</span> <span class='ocrx_word' id='word_1_417' title='bbox 662 2183 712 2232; x_wconf 89' lang='lat' dir='ltr'>iiec</span> <span class='ocrx_word' id='word_1_418' title='bbox 738 2182 804 2243; x_wconf 85' lang='lat' dir='ltr'>uite,</span> <span class='ocrx_word' id='word_1_419' title='bbox 827 2189 881 2231; x_wconf 92' lang='lat' dir='ltr'>tum</span> <span class='ocrx_word' id='word_1_420' title='bbox 904 2190 963 2245; x_wconf 91' lang='lat' dir='ltr'>poet</span> <span class='ocrx_word' id='word_1_421' title='bbox 984 2179 1053 2230; x_wconf 87' lang='lat' dir='ltr'>benc</span> <span class='ocrx_word' id='word_1_422' title='bbox 1072 2183 1162 2231; x_wconf 84' lang='lat' dir='ltr'>uitem.</span> <span class='ocrx_word' id='word_1_423' title='bbox 1214 2183 1371 2245; x_wconf 88' lang='lat' dir='ltr'>terpretecio</span> <span class='ocrx_word' id='word_1_424' title='bbox 1389 2190 1430 2232; x_wconf 88' lang='lat' dir='ltr'>eet</span> <span class='ocrx_word' id='word_1_425' title='bbox 1446 2184 1551 2235; x_wconf 78' lang='lat' dir='ltr'>mucce</span> <span class='ocrx_word' id='word_1_426' title='bbox 1587 2186 1648 2236; x_wconf 85' lang='lat' dir='ltr'>Non</span> <span class='ocrx_word' id='word_1_427' title='bbox 1667 2188 1735 2239; x_wconf 89' lang='lat' dir='ltr'>enim</span> <span class='ocrx_word' id='word_1_428' title='bbox 1754 2188 1876 2237; x_wconf 86' lang='lat' dir='ltr'>debemus</span> <span class='ocrx_word' id='word_1_429' title='bbox 1895 2185 2026 2237; x_wconf 83' lang='lat' dir='ltr'>confidere</span> <span class='ocrx_word' id='word_1_430' title='bbox 2048 2196 2139 2235; x_wconf 84' lang='lat' dir='ltr'>nostre</span> <span class='ocrx_word' id='word_1_431' title='bbox 2156 2185 2196 2235; x_wconf 89' lang='lat' dir='ltr'>di·</span> 
     </span>
     <span class='ocr_line' id='line_1_26' title="bbox 183 2249 2197 2320; baseline -0.001 -15"><span class='ocrx_word' id='word_1_432' title='bbox 183 2254 281 2305; x_wconf 79' lang='lat' dir='ltr'>Differt</span> <span class='ocrx_word' id='word_1_433' title='bbox 297 2257 366 2305; x_wconf 89' lang='lat' dir='ltr'>enim</span> <span class='ocrx_word' id='word_1_434' title='bbox 384 2254 456 2305; x_wconf 87' lang='lat' dir='ltr'>Deus</span> <span class='ocrx_word' id='word_1_435' title='bbox 473 2256 599 2320; x_wconf 73' lang='lat' dir='ltr'>pleraque</span> <span class='ocrx_word' id='word_1_436' title='bbox 615 2252 715 2317; x_wconf 87' lang='lat' dir='ltr'>premie</span> <span class='ocrx_word' id='word_1_437' title='bbox 732 2250 816 2301; x_wconf 91' lang='lat' dir='ltr'>donec</span> <span class='ocrx_word' id='word_1_438' title='bbox 834 2250 965 2314; x_wconf 81' lang='lat' dir='ltr'>glorificet·</span> <span class='ocrx_word' id='word_1_439' title='bbox 980 2256 1085 2302; x_wconf 78' lang='lat' dir='ltr'>iunctos</span> <span class='ocrx_word' id='word_1_440' title='bbox 1104 2256 1164 2313; x_wconf 93' lang='lat' dir='ltr'>post</span> <span class='ocrx_word' id='word_1_441' title='bbox 1212 2249 1340 2312; x_wconf 89' lang='lat' dir='ltr'>lectione,</span> <span class='ocrx_word' id='word_1_442' title='bbox 1367 2266 1425 2301; x_wconf 89' lang='lat' dir='ltr'>cum</span> <span class='ocrx_word' id='word_1_443' title='bbox 1447 2254 1481 2302; x_wconf 90' lang='lat' dir='ltr'>sit</span> <span class='ocrx_word' id='word_1_444' title='bbox 1501 2254 1634 2317; x_wconf 88' lang='lat' dir='ltr'>immunde</span> <span class='ocrx_word' id='word_1_445' title='bbox 1656 2262 1683 2306; x_wconf 90' lang='lat' dir='ltr'>et</span> <span class='ocrx_word' id='word_1_446' title='bbox 1706 2257 1817 2320; x_wconf 86' lang='lat' dir='ltr'>exigue,</span> <span class='ocrx_word' id='word_1_447' title='bbox 1841 2256 1888 2306; x_wconf 88' lang='lat' dir='ltr'>sed</span> <span class='ocrx_word' id='word_1_448' title='bbox 1906 2253 2078 2319; x_wconf 85' lang='lat' dir='ltr'>promissione</span> <span class='ocrx_word' id='word_1_449' title='bbox 2095 2254 2197 2303; x_wconf 83' lang='lat' dir='ltr'>miseri·</span> 
     </span>
     <span class='ocr_line' id='line_1_27' title="bbox 185 2317 2196 2389; baseline -0.001 -16"><span class='ocrx_word' id='word_1_450' title='bbox 185 2323 254 2375; x_wconf 87' lang='lat' dir='ltr'>benc</span> <span class='ocrx_word' id='word_1_451' title='bbox 271 2325 367 2386; x_wconf 85' lang='lat' dir='ltr'>uitem,</span> <span class='ocrx_word' id='word_1_452' title='bbox 385 2325 446 2388; x_wconf 88' lang='lat' dir='ltr'>quie</span> <span class='ocrx_word' id='word_1_453' title='bbox 462 2322 519 2372; x_wconf 91' lang='lat' dir='ltr'>uult</span> <span class='ocrx_word' id='word_1_454' title='bbox 535 2336 581 2371; x_wconf 87' lang='lat' dir='ltr'>eos</span> <span class='ocrx_word' id='word_1_455' title='bbox 602 2322 630 2370; x_wconf 91' lang='lat' dir='ltr'>iu</span> <span class='ocrx_word' id='word_1_456' title='bbox 651 2319 701 2369; x_wconf 87' lang='lat' dir='ltr'>beo</span> <span class='ocrx_word' id='word_1_457' title='bbox 723 2320 780 2370; x_wconf 90' lang='lat' dir='ltr'>uite</span> <span class='ocrx_word' id='word_1_458' title='bbox 805 2318 923 2368; x_wconf 80' lang='lat' dir='ltr'>exerceri</span> <span class='ocrx_word' id='word_1_459' title='bbox 946 2319 989 2370; x_wconf 73' lang='lat' dir='ltr'>ed,</span> <span class='ocrx_word' id='word_1_460' title='bbox 1004 2318 1163 2369; x_wconf 87' lang='lat' dir='ltr'>mortiiicen·</span> <span class='ocrx_word' id='word_1_461' title='bbox 1213 2317 1329 2367; x_wconf 84' lang='lat' dir='ltr'>cordiee.</span> <span class='ocrx_word' id='word_1_462' title='bbox 1364 2318 1481 2370; x_wconf 81' lang='lat' dir='ltr'>luctetur</span> <span class='ocrx_word' id='word_1_463' title='bbox 1498 2329 1525 2372; x_wconf 93' lang='lat' dir='ltr'>et</span> <span class='ocrx_word' id='word_1_464' title='bbox 1541 2322 1607 2386; x_wconf 91' lang='lat' dir='ltr'>boc,</span> <span class='ocrx_word' id='word_1_465' title='bbox 1626 2325 1698 2387; x_wconf 90' lang='lat' dir='ltr'>quod</span> <span class='ocrx_word' id='word_1_466' title='bbox 1714 2325 1785 2375; x_wconf 89' lang='lat' dir='ltr'>bone</span> <span class='ocrx_word' id='word_1_467' title='bbox 1801 2338 1883 2389; x_wconf 86' lang='lat' dir='ltr'>opere</span> <span class='ocrx_word' id='word_1_468' title='bbox 1898 2323 2005 2374; x_wconf 79' lang='lat' dir='ltr'>ueleent</span> <span class='ocrx_word' id='word_1_469' title='bbox 2020 2322 2119 2371; x_wconf 68' lang='lat' dir='ltr'>nubite</span> <span class='ocrx_word' id='word_1_470' title='bbox 2135 2334 2196 2385; x_wconf 86' lang='lat' dir='ltr'>pee·</span> 
     </span>
     <span class='ocr_line' id='line_1_28' title="bbox 186 2384 2197 2456; baseline -0.001 -14"><span class='ocrx_word' id='word_1_471' title='bbox 186 2393 248 2443; x_wconf 89' lang='lat' dir='ltr'>dum</span> <span class='ocrx_word' id='word_1_472' title='bbox 269 2398 386 2441; x_wconf 88' lang='lat' dir='ltr'>ueterem</span> <span class='ocrx_word' id='word_1_473' title='bbox 407 2391 547 2441; x_wconf 89' lang='lat' dir='ltr'>bominem.</span> <span class='ocrx_word' id='word_1_474' title='bbox 581 2387 755 2452; x_wconf 76' lang='lat' dir='ltr'>Eneugelium</span> <span class='ocrx_word' id='word_1_475' title='bbox 776 2389 859 2451; x_wconf 83' lang='lat' dir='ltr'>gretie</span> <span class='ocrx_word' id='word_1_476' title='bbox 883 2386 990 2437; x_wconf 82' lang='lat' dir='ltr'>exbibet</span> <span class='ocrx_word' id='word_1_477' title='bbox 1012 2388 1163 2452; x_wconf 87' lang='lat' dir='ltr'>promissio·</span> <span class='ocrx_word' id='word_1_478' title='bbox 1212 2387 1294 2435; x_wconf 78' lang='lat' dir='ltr'>donis</span> <span class='ocrx_word' id='word_1_479' title='bbox 1311 2384 1418 2439; x_wconf 76' lang='lat' dir='ltr'>Obrisd.</span> <span class='ocrx_word' id='word_1_480' title='bbox 1445 2388 1526 2455; x_wconf 82' lang='lat' dir='ltr'>Recte</span> <span class='ocrx_word' id='word_1_481' title='bbox 1544 2393 1640 2443; x_wconf 88' lang='lat' dir='ltr'>dictum</span> <span class='ocrx_word' id='word_1_482' title='bbox 1657 2401 1706 2456; x_wconf 89' lang='lat' dir='ltr'>est,</span> <span class='ocrx_word' id='word_1_483' title='bbox 1723 2394 1771 2443; x_wconf 89' lang='lat' dir='ltr'>sed</span> <span class='ocrx_word' id='word_1_484' title='bbox 1788 2394 1850 2443; x_wconf 83' lang='lat' dir='ltr'>fidei</span> <span class='ocrx_word' id='word_1_485' title='bbox 1867 2393 2024 2443; x_wconf 84' lang='lat' dir='ltr'>mentionem</span> <span class='ocrx_word' id='word_1_486' title='bbox 2040 2389 2098 2441; x_wconf 82' lang='lat' dir='ltr'>fleri</span> <span class='ocrx_word' id='word_1_487' title='bbox 2115 2402 2197 2454; x_wconf 90' lang='lat' dir='ltr'>opor·</span> 
     </span>
     <span class='ocr_line' id='line_1_29' title="bbox 185 2455 2198 2526; baseline -0.001 -15"><span class='ocrx_word' id='word_1_488' title='bbox 185 2475 244 2511; x_wconf 89' lang='lat' dir='ltr'>nem</span> <span class='ocrx_word' id='word_1_489' title='bbox 261 2461 452 2511; x_wconf 85' lang='lat' dir='ltr'>iuetiiioetionie</span> <span class='ocrx_word' id='word_1_490' title='bbox 470 2468 497 2511; x_wconf 88' lang='lat' dir='ltr'>et</span> <span class='ocrx_word' id='word_1_491' title='bbox 513 2457 696 2509; x_wconf 83' lang='lat' dir='ltr'>uiuidcetionis</span> <span class='ocrx_word' id='word_1_492' title='bbox 715 2464 820 2521; x_wconf 89' lang='lat' dir='ltr'>propter</span> <span class='ocrx_word' id='word_1_493' title='bbox 837 2456 978 2507; x_wconf 85' lang='lat' dir='ltr'>christum.</span> <span class='ocrx_word' id='word_1_494' title='bbox 1004 2456 1043 2505; x_wconf 77' lang='lat' dir='ltr'>At</span> <span class='ocrx_word' id='word_1_495' title='bbox 1058 2457 1086 2506; x_wconf 89' lang='lat' dir='ltr'>in</span> <span class='ocrx_word' id='word_1_496' title='bbox 1103 2456 1163 2518; x_wconf 88' lang='lat' dir='ltr'>lege</span> <span class='ocrx_word' id='word_1_497' title='bbox 1212 2457 1263 2505; x_wconf 90' lang='lat' dir='ltr'>tuit</span> <span class='ocrx_word' id='word_1_498' title='bbox 1278 2455 1304 2504; x_wconf 92' lang='lat' dir='ltr'>in</span> <span class='ocrx_word' id='word_1_499' title='bbox 1322 2455 1362 2505; x_wconf 88' lang='lat' dir='ltr'>hie</span> <span class='ocrx_word' id='word_1_500' title='bbox 1381 2461 1529 2526; x_wconf 85' lang='lat' dir='ltr'>sentencije.</span> <span class='ocrx_word' id='word_1_501' title='bbox 1564 2459 1627 2511; x_wconf 83' lang='lat' dir='ltr'>Non</span> <span class='ocrx_word' id='word_1_502' title='bbox 1651 2464 1719 2513; x_wconf 88' lang='lat' dir='ltr'>enim</span> <span class='ocrx_word' id='word_1_503' title='bbox 1742 2462 1949 2512; x_wconf 70' lang='lat' dir='ltr'>communiuntur</span> <span class='ocrx_word' id='word_1_504' title='bbox 1971 2458 2049 2509; x_wconf 85' lang='lat' dir='ltr'>nobie</span> <span class='ocrx_word' id='word_1_505' title='bbox 2073 2460 2198 2509; x_wconf 86' lang='lat' dir='ltr'>meritum</span> 
     </span>
     <span class='ocr_line' id='line_1_30' title="bbox 186 2521 2196 2597; baseline -0.001 -18"><span class='ocrx_word' id='word_1_506' title='bbox 186 2543 242 2579; x_wconf 91' lang='lat' dir='ltr'>non</span> <span class='ocrx_word' id='word_1_507' title='bbox 259 2531 351 2592; x_wconf 80' lang='lat' dir='ltr'>gretie,</span> <span class='ocrx_word' id='word_1_508' title='bbox 369 2528 416 2578; x_wconf 89' lang='lat' dir='ltr'>sed</span> <span class='ocrx_word' id='word_1_509' title='bbox 433 2543 481 2593; x_wconf 92' lang='lat' dir='ltr'>pro</span> <span class='ocrx_word' id='word_1_510' title='bbox 499 2529 621 2592; x_wconf 90' lang='lat' dir='ltr'>operibus</span> <span class='ocrx_word' id='word_1_511' title='bbox 645 2524 752 2574; x_wconf 78' lang='lat' dir='ltr'>offertur</span> <span class='ocrx_word' id='word_1_512' title='bbox 775 2533 801 2576; x_wconf 89' lang='lat' dir='ltr'>et</span> <span class='ocrx_word' id='word_1_513' title='bbox 824 2525 933 2575; x_wconf 89' lang='lat' dir='ltr'>debetur</span> <span class='ocrx_word' id='word_1_514' title='bbox 955 2537 1063 2573; x_wconf 90' lang='lat' dir='ltr'>merces.</span> <span class='ocrx_word' id='word_1_515' title='bbox 1098 2521 1163 2573; x_wconf 86' lang='lat' dir='ltr'>Cum</span> <span class='ocrx_word' id='word_1_516' title='bbox 1212 2524 1341 2586; x_wconf 91' lang='lat' dir='ltr'>pessiouie</span> <span class='ocrx_word' id='word_1_517' title='bbox 1357 2523 1465 2588; x_wconf 79' lang='lat' dir='ltr'>Christi,</span> <span class='ocrx_word' id='word_1_518' title='bbox 1482 2529 1532 2578; x_wconf 87' lang='lat' dir='ltr'>nisi</span> <span class='ocrx_word' id='word_1_519' title='bbox 1549 2530 1578 2579; x_wconf 95' lang='lat' dir='ltr'>id</span> <span class='ocrx_word' id='word_1_520' title='bbox 1600 2528 1652 2579; x_wconf 80' lang='lat' dir='ltr'>dds</span> <span class='ocrx_word' id='word_1_521' title='bbox 1673 2530 1896 2597; x_wconf 88' lang='lat' dir='ltr'>epprebendemue</span> <span class='ocrx_word' id='word_1_522' title='bbox 1917 2536 1944 2578; x_wconf 87' lang='lat' dir='ltr'>et</span> <span class='ocrx_word' id='word_1_523' title='bbox 1965 2541 2126 2592; x_wconf 84' lang='lat' dir='ltr'>opponemus</span> <span class='ocrx_word' id='word_1_524' title='bbox 2148 2527 2196 2577; x_wconf 89' lang='lat' dir='ltr'>ed·</span> 
     </span>
     <span class='ocr_line' id='line_1_31' title="bbox 184 2592 2197 2662; baseline -0 -15"><span class='ocrx_word' id='word_1_525' title='bbox 184 2599 266 2662; x_wconf 88' lang='lat' dir='ltr'>igitur</span> <span class='ocrx_word' id='word_1_526' title='bbox 283 2611 363 2662; x_wconf 89' lang='lat' dir='ltr'>opere</span> <span class='ocrx_word' id='word_1_527' title='bbox 385 2597 438 2646; x_wconf 89' lang='lat' dir='ltr'>sint</span> <span class='ocrx_word' id='word_1_528' title='bbox 459 2597 587 2661; x_wconf 90' lang='lat' dir='ltr'>queedem</span> <span class='ocrx_word' id='word_1_529' title='bbox 609 2594 726 2658; x_wconf 82' lang='lat' dir='ltr'>impletio</span> <span class='ocrx_word' id='word_1_530' title='bbox 748 2594 829 2657; x_wconf 90' lang='lat' dir='ltr'>legis,</span> <span class='ocrx_word' id='word_1_531' title='bbox 851 2601 923 2643; x_wconf 86' lang='lat' dir='ltr'>recte</span> <span class='ocrx_word' id='word_1_532' title='bbox 945 2592 1065 2643; x_wconf 87' lang='lat' dir='ltr'>dicuntur</span> <span class='ocrx_word' id='word_1_533' title='bbox 1085 2594 1162 2643; x_wconf 87' lang='lat' dir='ltr'>meri·</span> <span class='ocrx_word' id='word_1_534' title='bbox 1213 2605 1304 2641; x_wconf 83' lang='lat' dir='ltr'>uersus</span> <span class='ocrx_word' id='word_1_535' title='bbox 1320 2600 1435 2644; x_wconf 88' lang='lat' dir='ltr'>terrores</span> <span class='ocrx_word' id='word_1_536' title='bbox 1450 2597 1550 2660; x_wconf 88' lang='lat' dir='ltr'>pecceti</span> <span class='ocrx_word' id='word_1_537' title='bbox 1568 2605 1595 2647; x_wconf 93' lang='lat' dir='ltr'>et</span> <span class='ocrx_word' id='word_1_538' title='bbox 1611 2600 1711 2650; x_wconf 85' lang='lat' dir='ltr'>mortis.</span> <span class='ocrx_word' id='word_1_539' title='bbox 1746 2598 1842 2651; x_wconf 81' lang='lat' dir='ltr'>Penius</span> <span class='ocrx_word' id='word_1_540' title='bbox 1859 2600 1929 2649; x_wconf 91' lang='lat' dir='ltr'>enim</span> <span class='ocrx_word' id='word_1_541' title='bbox 1946 2598 2038 2662; x_wconf 82' lang='lat' dir='ltr'>inquit</span> <span class='ocrx_word' id='word_1_542' title='bbox 2075 2594 2197 2647; x_wconf 75' lang='lat' dir='ltr'>chrisme</span> 
     </span>
     <span class='ocr_line' id='line_1_32' title="bbox 185 2661 2198 2731; baseline -0.001 -14"><span class='ocrx_word' id='word_1_543' title='bbox 185 2668 269 2729; x_wconf 85' lang='lat' dir='ltr'>toris,</span> <span class='ocrx_word' id='word_1_544' title='bbox 293 2673 365 2716; x_wconf 92' lang='lat' dir='ltr'>recte</span> <span class='ocrx_word' id='word_1_545' title='bbox 388 2665 484 2716; x_wconf 88' lang='lat' dir='ltr'>dicitnr</span> <span class='ocrx_word' id='word_1_546' title='bbox 507 2668 545 2715; x_wconf 92' lang='lat' dir='ltr'>eie</span> <span class='ocrx_word' id='word_1_547' title='bbox 568 2664 656 2715; x_wconf 86' lang='lat' dir='ltr'>deberi</span> <span class='ocrx_word' id='word_1_548' title='bbox 679 2676 787 2714; x_wconf 88' lang='lat' dir='ltr'>merces.</span> <span class='ocrx_word' id='word_1_549' title='bbox 824 2663 859 2711; x_wconf 82' lang='lat' dir='ltr'>Et</span> <span class='ocrx_word' id='word_1_550' title='bbox 880 2662 946 2711; x_wconf 90' lang='lat' dir='ltr'>beec</span> <span class='ocrx_word' id='word_1_551' title='bbox 966 2675 1066 2712; x_wconf 85' lang='lat' dir='ltr'>meroes</span> <span class='ocrx_word' id='word_1_552' title='bbox 1094 2661 1164 2725; x_wconf 88' lang='lat' dir='ltr'>perit</span> <span class='ocrx_word' id='word_1_553' title='bbox 1213 2667 1255 2709; x_wconf 91' lang='lat' dir='ltr'>eet</span> <span class='ocrx_word' id='word_1_554' title='bbox 1271 2662 1427 2725; x_wconf 67' lang='lat' dir='ltr'>propiciatio</span> <span class='ocrx_word' id='word_1_555' title='bbox 1446 2679 1491 2727; x_wconf 91' lang='lat' dir='ltr'>per</span> <span class='ocrx_word' id='word_1_556' title='bbox 1508 2665 1594 2717; x_wconf 86' lang='lat' dir='ltr'>iidem.</span> <span class='ocrx_word' id='word_1_557' title='bbox 1631 2666 1711 2731; x_wconf 85' lang='lat' dir='ltr'>item,</span> <span class='ocrx_word' id='word_1_558' title='bbox 1734 2668 1856 2718; x_wconf 74' lang='lat' dir='ltr'>Ecclesia</span> <span class='ocrx_word' id='word_1_559' title='bbox 1876 2669 1905 2717; x_wconf 93' lang='lat' dir='ltr'>in</span> <span class='ocrx_word' id='word_1_560' title='bbox 1925 2667 2044 2717; x_wconf 86' lang='lat' dir='ltr'>omuibue</span> <span class='ocrx_word' id='word_1_561' title='bbox 2067 2666 2198 2729; x_wconf 83' lang='lat' dir='ltr'>preostio·</span> 
     </span>
    </p>
   </div>
   <div class='ocr_carea' id='block_1_3' title="bbox 73 2730 2197 2801">
    <p class='ocr_par' dir='ltr' id='par_1_6' title="bbox 73 2730 2197 2801">
     <span class='ocr_line' id='line_1_33' title="bbox 73 2730 2197 2801; baseline -0.001 -17"><span class='ocrx_word' id='word_1_562' title='bbox 73 2750 80 2761; x_wconf 92' lang='lat'><strong>·</strong></span> <span class='ocrx_word' id='word_1_563' title='bbox 185 2735 283 2801; x_wconf 86' lang='lat' dir='ltr'>gredue</span> <span class='ocrx_word' id='word_1_564' title='bbox 302 2734 467 2798; x_wconf 87' lang='lat' dir='ltr'>premiorum,</span> <span class='ocrx_word' id='word_1_565' title='bbox 483 2736 557 2784; x_wconf 82' lang='lat' dir='ltr'>iuxte</span> <span class='ocrx_word' id='word_1_566' title='bbox 573 2733 636 2782; x_wconf 93' lang='lat' dir='ltr'>illud</span> <span class='ocrx_word' id='word_1_567' title='bbox 654 2731 741 2781; x_wconf 87' lang='lat' dir='ltr'>Penii.</span> <span class='ocrx_word' id='word_1_568' title='bbox 769 2730 951 2795; x_wconf 76' lang='lat' dir='ltr'>Vnueqnisque</span> <span class='ocrx_word' id='word_1_569' title='bbox 969 2731 1081 2795; x_wconf 87' lang='lat' dir='ltr'>accipiet</span> <span class='ocrx_word' id='word_1_570' title='bbox 1097 2744 1163 2780; x_wconf 91' lang='lat' dir='ltr'>mer·</span> <span class='ocrx_word' id='word_1_571' title='bbox 1214 2730 1290 2780; x_wconf 90' lang='lat' dir='ltr'>uibus</span> <span class='ocrx_word' id='word_1_572' title='bbox 1309 2730 1392 2793; x_wconf 82' lang='lat' dir='ltr'>addit,</span> <span class='ocrx_word' id='word_1_573' title='bbox 1409 2746 1457 2796; x_wconf 88' lang='lat' dir='ltr'>per</span> <span class='ocrx_word' id='word_1_574' title='bbox 1473 2733 1614 2785; x_wconf 88' lang='lat' dir='ltr'>Dominum</span> <span class='ocrx_word' id='word_1_575' title='bbox 1630 2743 1749 2786; x_wconf 88' lang='lat' dir='ltr'>nostrum</span> <span class='ocrx_word' id='word_1_576' title='bbox 1766 2737 1850 2787; x_wconf 88' lang='lat' dir='ltr'>lesum</span> <span class='ocrx_word' id='word_1_577' title='bbox 1869 2735 2011 2788; x_wconf 77' lang='lat' dir='ltr'>Christum.</span> <span class='ocrx_word' id='word_1_578' title='bbox 2046 2732 2098 2783; x_wconf 83' lang='lat' dir='ltr'>ffls</span> <span class='ocrx_word' id='word_1_579' title='bbox 2115 2734 2197 2783; x_wconf 85' lang='lat' dir='ltr'>etiem</span> 
     </span>
    </p>
   </div>
   <div class='ocr_carea' id='block_1_4' title="bbox 182 2798 2198 4791">
    <p class='ocr_par' dir='ltr' id='par_1_7' title="bbox 182 2798 2198 4791">
     <span class='ocr_line' id='line_1_34' title="bbox 185 2798 2198 2869; baseline -0.001 -14"><span class='ocrx_word' id='word_1_580' title='bbox 185 2804 277 2855; x_wconf 85' lang='lat' dir='ltr'>oedem</span> <span class='ocrx_word' id='word_1_581' title='bbox 294 2806 368 2853; x_wconf 77' lang='lat' dir='ltr'>iuste</span> <span class='ocrx_word' id='word_1_582' title='bbox 385 2818 459 2853; x_wconf 87' lang='lat' dir='ltr'>suuni</span> <span class='ocrx_word' id='word_1_583' title='bbox 476 2803 601 2853; x_wconf 83' lang='lat' dir='ltr'>lebetem.</span> <span class='ocrx_word' id='word_1_584' title='bbox 637 2800 674 2850; x_wconf 81' lang='lat' dir='ltr'>fli</span> <span class='ocrx_word' id='word_1_585' title='bbox 690 2800 788 2863; x_wconf 83' lang='lat' dir='ltr'>gradus</span> <span class='ocrx_word' id='word_1_586' title='bbox 805 2808 866 2850; x_wconf 90' lang='lat' dir='ltr'>eunt</span> <span class='ocrx_word' id='word_1_587' title='bbox 882 2813 981 2849; x_wconf 84' lang='lat' dir='ltr'>merces</span> <span class='ocrx_word' id='word_1_588' title='bbox 998 2813 1107 2864; x_wconf 89' lang='lat' dir='ltr'>operum</span> <span class='ocrx_word' id='word_1_589' title='bbox 1123 2808 1162 2849; x_wconf 89' lang='lat' dir='ltr'>et·</span> <span class='ocrx_word' id='word_1_590' title='bbox 1213 2798 1373 2850; x_wconf 88' lang='lat' dir='ltr'>edmonendi</span> <span class='ocrx_word' id='word_1_591' title='bbox 1390 2807 1450 2849; x_wconf 90' lang='lat' dir='ltr'>sunt</span> <span class='ocrx_word' id='word_1_592' title='bbox 1466 2800 1584 2853; x_wconf 84' lang='lat' dir='ltr'>homines</span> <span class='ocrx_word' id='word_1_593' title='bbox 1602 2804 1635 2853; x_wconf 92' lang='lat' dir='ltr'>de</span> <span class='ocrx_word' id='word_1_594' title='bbox 1652 2804 1712 2855; x_wconf 84' lang='lat' dir='ltr'>dde.</span> <span class='ocrx_word' id='word_1_595' title='bbox 1739 2803 1879 2869; x_wconf 75' lang='lat' dir='ltr'>significet</span> <span class='ocrx_word' id='word_1_596' title='bbox 1895 2805 1964 2855; x_wconf 90' lang='lat' dir='ltr'>euim</span> <span class='ocrx_word' id='word_1_597' title='bbox 1977 2802 2198 2853; x_wconf 68' lang='lat' dir='ltr'>Ecoieeienoetre</span> 
     </span>
     <span class='ocr_line' id='line_1_35' title="bbox 184 2870 2197 2939; baseline 0.004 -24"><span class='ocrx_word' id='word_1_598' title='bbox 184 2886 237 2939; x_wconf 69' lang='lat' dir='ltr'>qne</span> <span class='ocrx_word' id='word_1_599' title='bbox 251 2871 429 2923; x_wconf 61' lang='lat' dir='ltr'>efficacium,</span> <span class='ocrx_word' id='word_1_600' title='bbox 1215 2880 1310 2930; x_wconf 88' lang='lat' dir='ltr'>opere,</span> <span class='ocrx_word' id='word_1_601' title='bbox 1327 2874 1354 2918; x_wconf 91' lang='lat' dir='ltr'>et</span> <span class='ocrx_word' id='word_1_602' title='bbox 1370 2876 1471 2919; x_wconf 75' lang='lat' dir='ltr'>normes</span> <span class='ocrx_word' id='word_1_603' title='bbox 1488 2884 1578 2935; x_wconf 85' lang='lat' dir='ltr'>preces</span> <span class='ocrx_word' id='word_1_604' title='bbox 1595 2872 1654 2922; x_wconf 90' lang='lat' dir='ltr'>Deo</span> <span class='ocrx_word' id='word_1_605' title='bbox 1670 2875 1790 2937; x_wconf 90' lang='lat' dir='ltr'>plecsre,</span> <span class='ocrx_word' id='word_1_606' title='bbox 1814 2874 1835 2922; x_wconf 91' lang='lat' dir='ltr'>si</span> <span class='ocrx_word' id='word_1_607' title='bbox 1854 2873 1989 2923; x_wconf 80' lang='lat' dir='ltr'>credemus</span> <span class='ocrx_word' id='word_1_608' title='bbox 2010 2871 2098 2922; x_wconf 86' lang='lat' dir='ltr'>Deum</span> <span class='ocrx_word' id='word_1_609' title='bbox 2119 2870 2197 2923; x_wconf 81' lang='lat' dir='ltr'>nobie</span> 
     </span>
     <span class='ocr_line' id='line_1_36' title="bbox 253 2935 2071 3006; baseline 0 -15"><span class='ocrx_word' id='word_1_610' title='bbox 253 2939 308 2992; x_wconf 78' lang='lat' dir='ltr'>Sed</span> <span class='ocrx_word' id='word_1_611' title='bbox 326 2942 486 2992; x_wconf 83' lang='lat' dir='ltr'>contendunt</span> <span class='ocrx_word' id='word_1_612' title='bbox 501 2940 661 3004; x_wconf 76' lang='lat' dir='ltr'>eduemerij,</span> <span class='ocrx_word' id='word_1_613' title='bbox 682 2939 765 2987; x_wconf 89' lang='lat' dir='ltr'>uitem</span> <span class='ocrx_word' id='word_1_614' title='bbox 787 2947 920 2989; x_wconf 86' lang='lat' dir='ltr'>eeternem</span> <span class='ocrx_word' id='word_1_615' title='bbox 943 2937 1048 3000; x_wconf 90' lang='lat' dir='ltr'>proprie</span> <span class='ocrx_word' id='word_1_616' title='bbox 1073 2936 1164 2987; x_wconf 89' lang='lat' dir='ltr'>deberi</span> <span class='ocrx_word' id='word_1_617' title='bbox 1215 2935 1367 3005; x_wconf 83' lang='lat' dir='ltr'>propicium,</span> <span class='ocrx_word' id='word_1_618' title='bbox 1385 2944 1412 2986; x_wconf 93' lang='lat' dir='ltr'>et</span> <span class='ocrx_word' id='word_1_619' title='bbox 1428 2952 1477 2987; x_wconf 91' lang='lat' dir='ltr'>nos</span> <span class='ocrx_word' id='word_1_620' title='bbox 1495 2941 1619 2992; x_wconf 85' lang='lat' dir='ltr'>exendire</span> <span class='ocrx_word' id='word_1_621' title='bbox 1636 2947 1743 3006; x_wconf 85' lang='lat' dir='ltr'>propter</span> <span class='ocrx_word' id='word_1_622' title='bbox 1759 2941 1913 2993; x_wconf 83' lang='lat' dir='ltr'>Pontificem</span> <span class='ocrx_word' id='word_1_623' title='bbox 1929 2938 2071 2991; x_wconf 81' lang='lat' dir='ltr'>Chrietuui.</span> 
     </span>
     <span class='ocr_line' id='line_1_37' title="bbox 185 3004 2198 3078; baseline 0 -17"><span class='ocrx_word' id='word_1_624' title='bbox 185 3024 234 3078; x_wconf 89' lang='lat' dir='ltr'>pro</span> <span class='ocrx_word' id='word_1_625' title='bbox 260 3009 396 3075; x_wconf 89' lang='lat' dir='ltr'>operibus,</span> <span class='ocrx_word' id='word_1_626' title='bbox 422 3010 484 3076; x_wconf 85' lang='lat' dir='ltr'>quie</span> <span class='ocrx_word' id='word_1_627' title='bbox 512 3008 608 3059; x_wconf 89' lang='lat' dir='ltr'>Psulue</span> <span class='ocrx_word' id='word_1_628' title='bbox 636 3009 681 3060; x_wconf 87' lang='lat' dir='ltr'>eit.</span> <span class='ocrx_word' id='word_1_629' title='bbox 722 3005 826 3058; x_wconf 83' lang='lat' dir='ltr'>Reddet</span> <span class='ocrx_word' id='word_1_630' title='bbox 855 3005 993 3070; x_wconf 86' lang='lat' dir='ltr'>uuicuique</span> <span class='ocrx_word' id='word_1_631' title='bbox 1021 3006 1164 3056; x_wconf 87' lang='lat' dir='ltr'>secuudum</span> <span class='ocrx_word' id='word_1_632' title='bbox 1282 3004 1354 3057; x_wconf 87' lang='lat' dir='ltr'>iiiiec</span> <span class='ocrx_word' id='word_1_633' title='bbox 1371 3006 1401 3056; x_wconf 89' lang='lat' dir='ltr'>in</span> <span class='ocrx_word' id='word_1_634' title='bbox 1422 3011 1570 3072; x_wconf 84' lang='lat' dir='ltr'>proesentis</span> <span class='ocrx_word' id='word_1_635' title='bbox 1593 3008 1724 3061; x_wconf 76' lang='lat' dir='ltr'>sufficient</span> <span class='ocrx_word' id='word_1_636' title='bbox 1745 3012 1779 3061; x_wconf 91' lang='lat' dir='ltr'>de</span> <span class='ocrx_word' id='word_1_637' title='bbox 1803 3010 1948 3061; x_wconf 82' lang='lat' dir='ltr'>hocloco.</span> <span class='ocrx_word' id='word_1_638' title='bbox 1982 3006 2086 3061; x_wconf 84' lang='lat' dir='ltr'>Scimus</span> <span class='ocrx_word' id='word_1_639' title='bbox 2106 3015 2198 3061; x_wconf 82' lang='lat' dir='ltr'>eutem</span> 
     </span>
     <span class='ocr_line' id='line_1_38' title="bbox 184 3073 2196 3144; baseline 0.001 -16"><span class='ocrx_word' id='word_1_640' title='bbox 184 3092 266 3144; x_wconf 87' lang='lat' dir='ltr'>opere</span> <span class='ocrx_word' id='word_1_641' title='bbox 290 3080 355 3129; x_wconf 90' lang='lat' dir='ltr'>elue.</span> <span class='ocrx_word' id='word_1_642' title='bbox 381 3078 474 3129; x_wconf 89' lang='lat' dir='ltr'>Iohen.</span> <span class='ocrx_word' id='word_1_643' title='bbox 500 3077 526 3129; x_wconf 79' lang='lat' dir='ltr'>i.</span> <span class='ocrx_word' id='word_1_644' title='bbox 558 3075 610 3137; x_wconf 78' lang='lat' dir='ltr'>Qui</span> <span class='ocrx_word' id='word_1_645' title='bbox 640 3077 711 3127; x_wconf 90' lang='lat' dir='ltr'>bone</span> <span class='ocrx_word' id='word_1_646' title='bbox 734 3075 869 3139; x_wconf 85' lang='lat' dir='ltr'>iecerunt,</span> <span class='ocrx_word' id='word_1_647' title='bbox 896 3078 925 3126; x_wconf 93' lang='lat' dir='ltr'>in</span> <span class='ocrx_word' id='word_1_648' title='bbox 951 3076 1163 3127; x_wconf 89' lang='lat' dir='ltr'>reeurrectionem</span> <span class='ocrx_word' id='word_1_649' title='bbox 1215 3073 1284 3125; x_wconf 83' lang='lat' dir='ltr'>benc</span> <span class='ocrx_word' id='word_1_650' title='bbox 1299 3075 1461 3126; x_wconf 83' lang='lat' dir='ltr'>sententium</span> <span class='ocrx_word' id='word_1_651' title='bbox 1478 3092 1556 3141; x_wconf 89' lang='lat' dir='ltr'>quem</span> <span class='ocrx_word' id='word_1_652' title='bbox 1573 3078 1735 3129; x_wconf 80' lang='lat' dir='ltr'>defendimur</span> <span class='ocrx_word' id='word_1_653' title='bbox 1744 3077 1891 3143; x_wconf 78' lang='lat' dir='ltr'>liuengelio</span> <span class='ocrx_word' id='word_1_654' title='bbox 1909 3085 2110 3131; x_wconf 76' lang='lat' dir='ltr'>conuenientem</span> <span class='ocrx_word' id='word_1_655' title='bbox 2128 3090 2196 3138; x_wconf 71' lang='lat' dir='ltr'>ute.</span> 
     </span>
     <span class='ocr_line' id='line_1_39' title="bbox 184 3130 2197 3211; baseline -0 -14"><span class='ocrx_word' id='word_1_656' title='bbox 184 3149 265 3197; x_wconf 83' lang='lat' dir='ltr'>uites.</span> <span class='ocrx_word' id='word_1_657' title='bbox 293 3144 386 3196; x_wconf 82' lang='lat' dir='ltr'>Mettb.</span> <span class='ocrx_word' id='word_1_658' title='bbox 404 3146 447 3197; x_wconf 83' lang='lat' dir='ltr'>ii.</span> <span class='ocrx_word' id='word_1_659' title='bbox 473 3144 577 3197; x_wconf 77' lang='lat' dir='ltr'>iteurini</span> <span class='ocrx_word' id='word_1_660' title='bbox 600 3152 627 3197; x_wconf 90' lang='lat' dir='ltr'>et</span> <span class='ocrx_word' id='word_1_661' title='bbox 649 3147 757 3196; x_wconf 85' lang='lat' dir='ltr'>dedistis</span> <span class='ocrx_word' id='word_1_662' title='bbox 780 3145 844 3196; x_wconf 84' lang='lat' dir='ltr'>mihi</span> <span class='ocrx_word' id='word_1_663' title='bbox 867 3145 1032 3195; x_wconf 89' lang='lat' dir='ltr'>menducere.</span> <span class='ocrx_word' id='word_1_664' title='bbox 1067 3144 1100 3193; x_wconf 90' lang='lat' dir='ltr'>In</span> <span class='ocrx_word' id='word_1_665' title='bbox 1121 3143 1163 3199; x_wconf 86' lang='lat' dir='ltr'>bie</span> <span class='ocrx_word' id='word_1_666' title='bbox 1214 3150 1241 3191; x_wconf 92' lang='lat' dir='ltr'>et</span> <span class='ocrx_word' id='word_1_667' title='bbox 1257 3130 1309 3208; x_wconf 75' lang='lat' dir='ltr'>piis</span> <span class='ocrx_word' id='word_1_668' title='bbox 1326 3145 1491 3211; x_wconf 74' lang='lat' dir='ltr'>conscientiis</span> <span class='ocrx_word' id='word_1_669' title='bbox 1507 3146 1669 3197; x_wconf 80' lang='lat' dir='ltr'>firmissimus</span> <span class='ocrx_word' id='word_1_670' title='bbox 1692 3149 1887 3199; x_wconf 86' lang='lat' dir='ltr'>consoleticnee</span> <span class='ocrx_word' id='word_1_671' title='bbox 1910 3146 2012 3199; x_wconf 79' lang='lat' dir='ltr'>efferre.</span> <span class='ocrx_word' id='word_1_672' title='bbox 2044 3145 2110 3197; x_wconf 89' lang='lat' dir='ltr'>ldeo</span> <span class='ocrx_word' id='word_1_673' title='bbox 2126 3145 2197 3210; x_wconf 59' lang='lat' dir='ltr'>‚piet</span> 
     </span>
     <span class='ocr_line' id='line_1_40' title="bbox 184 3211 2195 3282; baseline -0.001 -17"><span class='ocrx_word' id='word_1_674' title='bbox 184 3216 252 3266; x_wconf 85' lang='lat' dir='ltr'>loeis</span> <span class='ocrx_word' id='word_1_675' title='bbox 269 3215 399 3277; x_wconf 82' lang='lat' dir='ltr'>omnibus,</span> <span class='ocrx_word' id='word_1_676' title='bbox 415 3216 443 3264; x_wconf 91' lang='lat' dir='ltr'>iii</span> <span class='ocrx_word' id='word_1_677' title='bbox 462 3213 554 3277; x_wconf 89' lang='lat' dir='ltr'>quibus</span> <span class='ocrx_word' id='word_1_678' title='bbox 571 3228 651 3279; x_wconf 88' lang='lat' dir='ltr'>opere</span> <span class='ocrx_word' id='word_1_679' title='bbox 666 3215 821 3277; x_wconf 89' lang='lat' dir='ltr'>leudentur,</span> <span class='ocrx_word' id='word_1_680' title='bbox 844 3226 950 3265; x_wconf 85' lang='lat' dir='ltr'>necesse</span> <span class='ocrx_word' id='word_1_681' title='bbox 968 3219 1008 3261; x_wconf 88' lang='lat' dir='ltr'>eet</span> <span class='ocrx_word' id='word_1_682' title='bbox 1025 3214 1059 3263; x_wconf 93' lang='lat' dir='ltr'>ed</span> <span class='ocrx_word' id='word_1_683' title='bbox 1076 3211 1162 3263; x_wconf 81' lang='lat' dir='ltr'>ceno·</span> <span class='ocrx_word' id='word_1_684' title='bbox 1212 3218 1313 3261; x_wconf 88' lang='lat' dir='ltr'>mentes</span> <span class='ocrx_word' id='word_1_685' title='bbox 1330 3226 1385 3263; x_wconf 89' lang='lat' dir='ltr'>uon</span> <span class='ocrx_word' id='word_1_686' title='bbox 1402 3215 1534 3279; x_wconf 86' lang='lat' dir='ltr'>petientur</span> <span class='ocrx_word' id='word_1_687' title='bbox 1550 3230 1579 3266; x_wconf 92' lang='lat' dir='ltr'>ee</span> <span class='ocrx_word' id='word_1_688' title='bbox 1597 3217 1630 3267; x_wconf 89' lang='lat' dir='ltr'>eb</span> <span class='ocrx_word' id='word_1_689' title='bbox 1648 3215 1699 3267; x_wconf 89' lang='lat' dir='ltr'>lieo</span> <span class='ocrx_word' id='word_1_690' title='bbox 1716 3220 1851 3267; x_wconf 88' lang='lat' dir='ltr'>sentencie</span> <span class='ocrx_word' id='word_1_691' title='bbox 1867 3223 1973 3282; x_wconf 83' lang='lat' dir='ltr'>propter</span> <span class='ocrx_word' id='word_1_692' title='bbox 1993 3216 2083 3278; x_wconf 82' lang='lat' dir='ltr'>inique</span> <span class='ocrx_word' id='word_1_693' title='bbox 2106 3220 2135 3263; x_wconf 88' lang='lat' dir='ltr'>et</span> <span class='ocrx_word' id='word_1_694' title='bbox 2152 3227 2195 3264; x_wconf 86' lang='lat' dir='ltr'>ce·</span> 
     </span>
     <span class='ocr_line' id='line_1_41' title="bbox 185 3279 2193 3350; baseline -0.001 -17"><span class='ocrx_word' id='word_1_695' title='bbox 185 3297 248 3333; x_wconf 91' lang='lat' dir='ltr'>uem</span> <span class='ocrx_word' id='word_1_696' title='bbox 269 3296 349 3349; x_wconf 86' lang='lat' dir='ltr'>supru</span> <span class='ocrx_word' id='word_1_697' title='bbox 375 3284 499 3333; x_wconf 78' lang='lat' dir='ltr'>nuditum</span> <span class='ocrx_word' id='word_1_698' title='bbox 521 3297 667 3345; x_wconf 85' lang='lat' dir='ltr'>recurrere,</span> <span class='ocrx_word' id='word_1_699' title='bbox 691 3285 762 3348; x_wconf 89' lang='lat' dir='ltr'>quod</span> <span class='ocrx_word' id='word_1_700' title='bbox 785 3298 866 3349; x_wconf 86' lang='lat' dir='ltr'>opere</span> <span class='ocrx_word' id='word_1_701' title='bbox 887 3296 942 3333; x_wconf 92' lang='lat' dir='ltr'>uon</span> <span class='ocrx_word' id='word_1_702' title='bbox 963 3281 1083 3344; x_wconf 88' lang='lat' dir='ltr'>pleeeent</span> <span class='ocrx_word' id='word_1_703' title='bbox 1105 3282 1163 3331; x_wconf 90' lang='lat' dir='ltr'>eine</span> <span class='ocrx_word' id='word_1_704' title='bbox 1212 3279 1344 3332; x_wconf 87' lang='lat' dir='ltr'>lumniose</span> <span class='ocrx_word' id='word_1_705' title='bbox 1360 3282 1458 3334; x_wconf 82' lang='lat' dir='ltr'>indicis</span> <span class='ocrx_word' id='word_1_706' title='bbox 1474 3284 1682 3335; x_wconf 88' lang='lat' dir='ltr'>eduereeriornm</span> <span class='ocrx_word' id='word_1_707' title='bbox 1703 3286 1808 3337; x_wconf 89' lang='lat' dir='ltr'>ebduci.</span> <span class='ocrx_word' id='word_1_708' title='bbox 1842 3283 1979 3350; x_wconf 76' lang='lat' dir='ltr'>scripture</span> <span class='ocrx_word' id='word_1_709' title='bbox 1999 3282 2132 3349; x_wconf 85' lang='lat' dir='ltr'>preedicit</span> <span class='ocrx_word' id='word_1_710' title='bbox 2154 3282 2193 3331; x_wconf 82' lang='lat' dir='ltr'>iu·</span> 
     </span>
     <span class='ocr_line' id='line_1_42' title="bbox 182 3345 2195 3418; baseline 0 -15"><span class='ocrx_word' id='word_1_711' title='bbox 182 3350 305 3412; x_wconf 75' lang='lat' dir='ltr'>¹Christo,</span> <span class='ocrx_word' id='word_1_712' title='bbox 327 3353 398 3417; x_wconf 93' lang='lat' dir='ltr'>qnod</span> <span class='ocrx_word' id='word_1_713' title='bbox 420 3366 475 3401; x_wconf 93' lang='lat' dir='ltr'>non</span> <span class='ocrx_word' id='word_1_714' title='bbox 496 3351 533 3401; x_wconf 88' lang='lat' dir='ltr'>sit</span> <span class='ocrx_word' id='word_1_715' title='bbox 553 3351 729 3401; x_wconf 87' lang='lat' dir='ltr'>excludendus</span> <span class='ocrx_word' id='word_1_716' title='bbox 751 3353 882 3402; x_wconf 76' lang='lat' dir='ltr'>mediator</span> <span class='ocrx_word' id='word_1_717' title='bbox 905 3349 1033 3402; x_wconf 80' lang='lat' dir='ltr'>cbristus.</span> <span class='ocrx_word' id='word_1_718' title='bbox 1063 3348 1163 3410; x_wconf 72' lang='lat' dir='ltr'>¹(inere</span> <span class='ocrx_word' id='word_1_719' title='bbox 1213 3356 1299 3399; x_wconf 91' lang='lat' dir='ltr'>turum</span> <span class='ocrx_word' id='word_1_720' title='bbox 1322 3364 1392 3411; x_wconf 87' lang='lat' dir='ltr'>esee,</span> <span class='ocrx_word' id='word_1_721' title='bbox 1415 3358 1444 3400; x_wconf 93' lang='lat' dir='ltr'>ut</span> <span class='ocrx_word' id='word_1_722' title='bbox 1466 3354 1494 3403; x_wconf 93' lang='lat' dir='ltr'>in</span> <span class='ocrx_word' id='word_1_723' title='bbox 1518 3352 1639 3403; x_wconf 79' lang='lat' dir='ltr'>Eoclseie</span> <span class='ocrx_word' id='word_1_724' title='bbox 1659 3361 1810 3418; x_wconf 90' lang='lat' dir='ltr'>greeeentur</span> <span class='ocrx_word' id='word_1_725' title='bbox 1831 3355 1895 3405; x_wconf 88' lang='lat' dir='ltr'>meli</span> <span class='ocrx_word' id='word_1_726' title='bbox 1917 3354 2052 3414; x_wconf 84' lang='lat' dir='ltr'>doctores,</span> <span class='ocrx_word' id='word_1_727' title='bbox 2076 3345 2123 3416; x_wconf 81' lang='lat' dir='ltr'>‘qui</span> <span class='ocrx_word' id='word_1_728' title='bbox 2146 3364 2195 3416; x_wconf 82' lang='lat' dir='ltr'>op·</span> 
     </span>
     <span class='ocr_line' id='line_1_43' title="bbox 186 3416 2196 3484; baseline -0 -12"><span class='ocrx_word' id='word_1_729' title='bbox 186 3435 245 3472; x_wconf 84' lang='lat' dir='ltr'>euru</span> <span class='ocrx_word' id='word_1_730' title='bbox 262 3427 348 3471; x_wconf 82' lang='lat' dir='ltr'>textus</span> <span class='ocrx_word' id='word_1_731' title='bbox 365 3423 412 3481; x_wconf 85' lang='lat' dir='ltr'>eit,</span> <span class='ocrx_word' id='word_1_732' title='bbox 429 3418 550 3484; x_wconf 89' lang='lat' dir='ltr'>operibns</span> <span class='ocrx_word' id='word_1_733' title='bbox 567 3419 642 3471; x_wconf 88' lang='lat' dir='ltr'>reddi</span> <span class='ocrx_word' id='word_1_734' title='bbox 659 3421 740 3470; x_wconf 87' lang='lat' dir='ltr'>uitem</span> <span class='ocrx_word' id='word_1_735' title='bbox 757 3426 904 3483; x_wconf 78' lang='lat' dir='ltr'>ueternum,</span> <span class='ocrx_word' id='word_1_736' title='bbox 926 3416 1065 3481; x_wconf 85' lang='lat' dir='ltr'>Siguiiioet</span> <span class='ocrx_word' id='word_1_737' title='bbox 1086 3418 1162 3470; x_wconf 90' lang='lat' dir='ltr'>reddi</span> <span class='ocrx_word' id='word_1_738' title='bbox 1212 3432 1303 3483; x_wconf 84' lang='lat' dir='ltr'>presse</span> <span class='ocrx_word' id='word_1_739' title='bbox 1328 3420 1432 3470; x_wconf 88' lang='lat' dir='ltr'>iusticie</span> <span class='ocrx_word' id='word_1_740' title='bbox 1456 3421 1517 3471; x_wconf 88' lang='lat' dir='ltr'>iidei</span> <span class='ocrx_word' id='word_1_741' title='bbox 1542 3422 1572 3473; x_wconf 89' lang='lat' dir='ltr'>in</span> <span class='ocrx_word' id='word_1_742' title='bbox 1597 3420 1740 3483; x_wconf 79' lang='lat' dir='ltr'>Christum,</span> <span class='ocrx_word' id='word_1_743' title='bbox 1766 3423 1881 3473; x_wconf 88' lang='lat' dir='ltr'>dcceent</span> <span class='ocrx_word' id='word_1_744' title='bbox 1903 3421 2000 3474; x_wconf 83' lang='lat' dir='ltr'>mereri</span> <span class='ocrx_word' id='word_1_745' title='bbox 2014 3421 2196 3471; x_wconf 76' lang='lat' dir='ltr'>remuslcnem</span> 
     </span>
     <span class='ocr_line' id='line_1_44' title="bbox 184 3487 2196 3556; baseline 0 -16"><span class='ocrx_word' id='word_1_746' title='bbox 184 3488 338 3552; x_wconf 71' lang='lat' dir='ltr'>irruimus,</span> <span class='ocrx_word' id='word_1_747' title='bbox 355 3491 417 3555; x_wconf 88' lang='lat' dir='ltr'>quie</span> <span class='ocrx_word' id='word_1_748' title='bbox 433 3504 487 3539; x_wconf 95' lang='lat' dir='ltr'>non</span> <span class='ocrx_word' id='word_1_749' title='bbox 503 3490 609 3553; x_wconf 88' lang='lat' dir='ltr'>plecent</span> <span class='ocrx_word' id='word_1_750' title='bbox 631 3489 692 3540; x_wconf 89' lang='lat' dir='ltr'>Deo</span> <span class='ocrx_word' id='word_1_751' title='bbox 710 3489 779 3540; x_wconf 89' lang='lat' dir='ltr'>bone</span> <span class='ocrx_word' id='word_1_752' title='bbox 800 3504 892 3555; x_wconf 88' lang='lat' dir='ltr'>opere,</span> <span class='ocrx_word' id='word_1_753' title='bbox 915 3488 967 3538; x_wconf 88' lang='lat' dir='ltr'>nisi</span> <span class='ocrx_word' id='word_1_754' title='bbox 988 3487 1018 3537; x_wconf 91' lang='lat' dir='ltr'>iu</span> <span class='ocrx_word' id='word_1_755' title='bbox 1039 3487 1162 3538; x_wconf 83' lang='lat' dir='ltr'>iustifice-</span> <span class='ocrx_word' id='word_1_756' title='bbox 1212 3494 1377 3553; x_wconf 89' lang='lat' dir='ltr'>peccetorum</span> <span class='ocrx_word' id='word_1_757' title='bbox 1393 3502 1441 3554; x_wconf 89' lang='lat' dir='ltr'>per</span> <span class='ocrx_word' id='word_1_758' title='bbox 1455 3495 1561 3541; x_wconf 91' lang='lat' dir='ltr'>nostroe</span> <span class='ocrx_word' id='word_1_759' title='bbox 1578 3491 1662 3540; x_wconf 84' lang='lat' dir='ltr'>cultus</span> <span class='ocrx_word' id='word_1_760' title='bbox 1679 3498 1706 3540; x_wconf 91' lang='lat' dir='ltr'>et</span> <span class='ocrx_word' id='word_1_761' title='bbox 1723 3504 1813 3556; x_wconf 88' lang='lat' dir='ltr'>opere.</span> <span class='ocrx_word' id='word_1_762' title='bbox 1848 3492 1884 3542; x_wconf 81' lang='lat' dir='ltr'>Et</span> <span class='ocrx_word' id='word_1_763' title='bbox 1898 3505 1941 3541; x_wconf 85' lang='lat' dir='ltr'>ree</span> <span class='ocrx_word' id='word_1_764' title='bbox 1957 3496 2048 3555; x_wconf 78' lang='lat' dir='ltr'>gestet</span> <span class='ocrx_word' id='word_1_765' title='bbox 2062 3491 2090 3539; x_wconf 93' lang='lat' dir='ltr'>iu</span> <span class='ocrx_word' id='word_1_766' title='bbox 2107 3488 2196 3540; x_wconf 87' lang='lat' dir='ltr'>Iereel</span> 
     </span>
     <span class='ocr_line' id='line_1_45' title="bbox 184 3554 2195 3623; baseline 0.001 -15"><span class='ocrx_word' id='word_1_767' title='bbox 184 3559 234 3621; x_wconf 91' lang='lat' dir='ltr'>tie,</span> <span class='ocrx_word' id='word_1_768' title='bbox 251 3557 304 3608; x_wconf 88' lang='lat' dir='ltr'>boc</span> <span class='ocrx_word' id='word_1_769' title='bbox 321 3565 374 3621; x_wconf 88' lang='lat' dir='ltr'>est,</span> <span class='ocrx_word' id='word_1_770' title='bbox 391 3560 418 3608; x_wconf 93' lang='lat' dir='ltr'>iu</span> <span class='ocrx_word' id='word_1_771' title='bbox 437 3558 493 3619; x_wconf 86' lang='lat' dir='ltr'>liis,</span> <span class='ocrx_word' id='word_1_772' title='bbox 510 3559 555 3622; x_wconf 88' lang='lat' dir='ltr'>qui</span> <span class='ocrx_word' id='word_1_773' title='bbox 572 3559 688 3611; x_wconf 87' lang='lat' dir='ltr'>sentiunt</span> <span class='ocrx_word' id='word_1_774' title='bbox 704 3573 733 3608; x_wconf 93' lang='lat' dir='ltr'>se</span> <span class='ocrx_word' id='word_1_775' title='bbox 749 3565 869 3623; x_wconf 85' lang='lat' dir='ltr'>ecceptcs</span> <span class='ocrx_word' id='word_1_776' title='bbox 891 3571 950 3609; x_wconf 85' lang='lat' dir='ltr'>eeso</span> <span class='ocrx_word' id='word_1_777' title='bbox 972 3554 1032 3605; x_wconf 89' lang='lat' dir='ltr'>Deo</span> <span class='ocrx_word' id='word_1_778' title='bbox 1054 3563 1163 3621; x_wconf 86' lang='lat' dir='ltr'>propter</span> <span class='ocrx_word' id='word_1_779' title='bbox 1213 3562 1274 3606; x_wconf 87' lang='lat' dir='ltr'>sunt</span> <span class='ocrx_word' id='word_1_780' title='bbox 1288 3557 1376 3619; x_wconf 75' lang='lat' dir='ltr'>imego</span> <span class='ocrx_word' id='word_1_781' title='bbox 1394 3555 1473 3607; x_wconf 83' lang='lat' dir='ltr'>interi</span> <span class='ocrx_word' id='word_1_782' title='bbox 1490 3564 1574 3611; x_wconf 84' lang='lat' dir='ltr'>etetus</span> <span class='ocrx_word' id='word_1_783' title='bbox 1591 3560 1621 3609; x_wconf 90' lang='lat' dir='ltr'>iri</span> <span class='ocrx_word' id='word_1_784' title='bbox 1637 3558 1765 3612; x_wconf 81' lang='lat' dir='ltr'>liocleeie.</span> <span class='ocrx_word' id='word_1_785' title='bbox 1801 3559 1926 3610; x_wconf 87' lang='lat' dir='ltr'>Videmm</span> <span class='ocrx_word' id='word_1_786' title='bbox 1943 3564 2029 3611; x_wconf 85' lang='lat' dir='ltr'>eutem</span> <span class='ocrx_word' id='word_1_787' title='bbox 2045 3556 2195 3622; x_wconf 77' lang='lat' dir='ltr'>Prophetes</span> 
     </span>
     <span class='ocr_line' id='line_1_46' title="bbox 185 3623 2196 3695; baseline -0.001 -16"><span class='ocrx_word' id='word_1_788' title='bbox 185 3626 325 3680; x_wconf 71' lang='lat' dir='ltr'>cunctum.</span> <span class='ocrx_word' id='word_1_789' title='bbox 360 3628 396 3678; x_wconf 82' lang='lat' dir='ltr'>iii</span> <span class='ocrx_word' id='word_1_790' title='bbox 412 3627 545 3679; x_wconf 73' lang='lat' dir='ltr'>iustificati</span> <span class='ocrx_word' id='word_1_791' title='bbox 562 3627 708 3677; x_wconf 83' lang='lat' dir='ltr'>necesserio</span> <span class='ocrx_word' id='word_1_792' title='bbox 724 3628 829 3691; x_wconf 85' lang='lat' dir='ltr'>periunt</span> <span class='ocrx_word' id='word_1_793' title='bbox 844 3627 913 3678; x_wconf 88' lang='lat' dir='ltr'>bonu</span> <span class='ocrx_word' id='word_1_794' title='bbox 932 3638 1028 3690; x_wconf 90' lang='lat' dir='ltr'>opere,</span> <span class='ocrx_word' id='word_1_795' title='bbox 1051 3638 1098 3675; x_wconf 88' lang='lat' dir='ltr'>seu</span> <span class='ocrx_word' id='word_1_796' title='bbox 1115 3625 1161 3675; x_wconf 92' lang='lat' dir='ltr'>bo·</span> <span class='ocrx_word' id='word_1_797' title='bbox 1212 3623 1308 3687; x_wconf 88' lang='lat' dir='ltr'>ubique</span> <span class='ocrx_word' id='word_1_798' title='bbox 1331 3632 1422 3675; x_wconf 77' lang='lat' dir='ltr'>texum</span> <span class='ocrx_word' id='word_1_799' title='bbox 1442 3625 1510 3676; x_wconf 87' lang='lat' dir='ltr'>benc</span> <span class='ocrx_word' id='word_1_800' title='bbox 1541 3629 1735 3693; x_wconf 86' lang='lat' dir='ltr'>persuesionem</span> <span class='ocrx_word' id='word_1_801' title='bbox 1757 3629 1860 3694; x_wconf 89' lang='lat' dir='ltr'>populi,</span> <span class='ocrx_word' id='word_1_802' title='bbox 1883 3629 1929 3695; x_wconf 90' lang='lat' dir='ltr'>qni</span> <span class='ocrx_word' id='word_1_803' title='bbox 1951 3626 2138 3693; x_wconf 70' lang='lat' dir='ltr'>somniebett)</span> <span class='ocrx_word' id='word_1_804' title='bbox 2164 3640 2196 3677; x_wconf 91' lang='lat' dir='ltr'>ee</span> 
     </span>
     <span class='ocr_line' id='line_1_47' title="bbox 184 3693 2194 3762; baseline -0.001 -15"><span class='ocrx_word' id='word_1_805' title='bbox 184 3710 234 3747; x_wconf 87' lang='lat' dir='ltr'>noe</span> <span class='ocrx_word' id='word_1_806' title='bbox 250 3696 361 3760; x_wconf 68' lang='lat' dir='ltr'>nucius,</span> <span class='ocrx_word' id='word_1_807' title='bbox 379 3702 409 3745; x_wconf 94' lang='lat' dir='ltr'>ut</span> <span class='ocrx_word' id='word_1_808' title='bbox 425 3696 529 3745; x_wconf 75' lang='lat' dir='ltr'>Esuriid</span> <span class='ocrx_word' id='word_1_809' title='bbox 551 3704 579 3745; x_wconf 94' lang='lat' dir='ltr'>et</span> <span class='ocrx_word' id='word_1_810' title='bbox 601 3696 707 3747; x_wconf 90' lang='lat' dir='ltr'>dedistis</span> <span class='ocrx_word' id='word_1_811' title='bbox 729 3696 793 3747; x_wconf 88' lang='lat' dir='ltr'>mibi</span> <span class='ocrx_word' id='word_1_812' title='bbox 815 3696 908 3747; x_wconf 92' lang='lat' dir='ltr'>cibum.</span> <span class='ocrx_word' id='word_1_813' title='bbox 944 3694 995 3744; x_wconf 86' lang='lat' dir='ltr'>Hic</span> <span class='ocrx_word' id='word_1_814' title='bbox 1016 3708 1075 3743; x_wconf 90' lang='lat' dir='ltr'>cnm</span> <span class='ocrx_word' id='word_1_815' title='bbox 1098 3693 1162 3743; x_wconf 93' lang='lat' dir='ltr'>dici·</span> <span class='ocrx_word' id='word_1_816' title='bbox 1211 3694 1305 3742; x_wconf 85' lang='lat' dir='ltr'>mereri</span> <span class='ocrx_word' id='word_1_817' title='bbox 1322 3693 1502 3744; x_wconf 86' lang='lat' dir='ltr'>remissionem</span> <span class='ocrx_word' id='word_1_818' title='bbox 1520 3704 1686 3760; x_wconf 87' lang='lat' dir='ltr'>peccetornm</span> <span class='ocrx_word' id='word_1_819' title='bbox 1703 3711 1750 3762; x_wconf 90' lang='lat' dir='ltr'>per</span> <span class='ocrx_word' id='word_1_820' title='bbox 1772 3697 1900 3748; x_wconf 75' lang='lat' dir='ltr'>euondcis</span> <span class='ocrx_word' id='word_1_821' title='bbox 1915 3696 1997 3760; x_wconf 89' lang='lat' dir='ltr'>legis,</span> <span class='ocrx_word' id='word_1_822' title='bbox 2020 3703 2047 3745; x_wconf 89' lang='lat' dir='ltr'>et</span> <span class='ocrx_word' id='word_1_823' title='bbox 2063 3695 2113 3745; x_wconf 86' lang='lat' dir='ltr'>bec</span> <span class='ocrx_word' id='word_1_824' title='bbox 2135 3695 2194 3760; x_wconf 74' lang='lat' dir='ltr'>opi⁴</span> 
     </span>
     <span class='ocr_line' id='line_1_48' title="bbox 185 3762 2194 3830; baseline 0 -16"><span class='ocrx_word' id='word_1_825' title='bbox 185 3772 228 3814; x_wconf 91' lang='lat' dir='ltr'>tur</span> <span class='ocrx_word' id='word_1_826' title='bbox 253 3765 329 3816; x_wconf 86' lang='lat' dir='ltr'>reddi</span> <span class='ocrx_word' id='word_1_827' title='bbox 355 3766 411 3816; x_wconf 86' lang='lat' dir='ltr'>nite</span> <span class='ocrx_word' id='word_1_828' title='bbox 433 3774 540 3815; x_wconf 87' lang='lat' dir='ltr'>eeterne</span> <span class='ocrx_word' id='word_1_829' title='bbox 560 3764 601 3815; x_wconf 81' lang='lat' dir='ltr'>bis</span> <span class='ocrx_word' id='word_1_830' title='bbox 623 3766 743 3829; x_wconf 87' lang='lat' dir='ltr'>operibus</span> <span class='ocrx_word' id='word_1_831' title='bbox 765 3766 918 3828; x_wconf 88' lang='lat' dir='ltr'>intelligitur</span> <span class='ocrx_word' id='word_1_832' title='bbox 939 3763 1014 3813; x_wconf 89' lang='lat' dir='ltr'>reddi</span> <span class='ocrx_word' id='word_1_833' title='bbox 1035 3762 1162 3815; x_wconf 89' lang='lat' dir='ltr'>iusticiee.</span> <span class='ocrx_word' id='word_1_834' title='bbox 1212 3762 1291 3810; x_wconf 88' lang='lat' dir='ltr'>nione</span> <span class='ocrx_word' id='word_1_835' title='bbox 1308 3762 1497 3830; x_wconf 78' lang='lat' dir='ltr'>cumuleb&#39;eto)</span> <span class='ocrx_word' id='word_1_836' title='bbox 1515 3779 1596 3830; x_wconf 88' lang='lat' dir='ltr'>opere</span> <span class='ocrx_word' id='word_1_837' title='bbox 1623 3772 1649 3815; x_wconf 93' lang='lat' dir='ltr'>et</span> <span class='ocrx_word' id='word_1_838' title='bbox 1667 3766 1761 3818; x_wconf 84' lang='lat' dir='ltr'>cultus.</span> <span class='ocrx_word' id='word_1_839' title='bbox 1796 3765 1837 3815; x_wconf 87' lang='lat' dir='ltr'>Ite</span> <span class='ocrx_word' id='word_1_840' title='bbox 1857 3767 1885 3815; x_wconf 93' lang='lat' dir='ltr'>in</span> <span class='ocrx_word' id='word_1_841' title='bbox 1907 3764 2026 3815; x_wconf 78' lang='lat' dir='ltr'>Ecclesie</span> <span class='ocrx_word' id='word_1_842' title='bbox 2049 3763 2123 3815; x_wconf 85' lang='lat' dir='ltr'>multi</span> <span class='ocrx_word' id='word_1_843' title='bbox 2145 3776 2194 3813; x_wconf 78' lang='lat' dir='ltr'>ex·</span> 
     </span>
     <span class='ocr_line' id='line_1_49' title="bbox 183 3829 2194 3899; baseline -0.001 -14"><span class='ocrx_word' id='word_1_844' title='bbox 183 3831 275 3885; x_wconf 72' lang='lat' dir='ltr'>Fidem</span> <span class='ocrx_word' id='word_1_845' title='bbox 292 3835 372 3897; x_wconf 87' lang='lat' dir='ltr'>igitur</span> <span class='ocrx_word' id='word_1_846' title='bbox 390 3834 568 3898; x_wconf 80' lang='lat' dir='ltr'>complectitur</span> <span class='ocrx_word' id='word_1_847' title='bbox 585 3848 643 3884; x_wconf 89' lang='lat' dir='ltr'>cum</span> <span class='ocrx_word' id='word_1_848' title='bbox 661 3838 781 3886; x_wconf 87' lang='lat' dir='ltr'>nominet</span> <span class='ocrx_word' id='word_1_849' title='bbox 802 3834 909 3883; x_wconf 83' lang='lat' dir='ltr'>tructos.</span> <span class='ocrx_word' id='word_1_850' title='bbox 945 3832 1029 3883; x_wconf 88' lang='lat' dir='ltr'>Porro</span> <span class='ocrx_word' id='word_1_851' title='bbox 1053 3833 1162 3897; x_wconf 86' lang='lat' dir='ltr'>scriptu·</span> <span class='ocrx_word' id='word_1_852' title='bbox 1186 3846 1191 3861; x_wconf 79' lang='lat'><strong><em>¹</em></strong></span> <span class='ocrx_word' id='word_1_853' title='bbox 1210 3831 1291 3879; x_wconf 86' lang='lat' dir='ltr'>istuut</span> <span class='ocrx_word' id='word_1_854' title='bbox 1308 3831 1352 3894; x_wconf 86' lang='lat' dir='ltr'>qui</span> <span class='ocrx_word' id='word_1_855' title='bbox 1369 3829 1464 3883; x_wconf 81' lang='lat' dir='ltr'>ielsem</span> <span class='ocrx_word' id='word_1_856' title='bbox 1479 3835 1675 3897; x_wconf 63' lang='lat' dir='ltr'>porrectionem</span> <span class='ocrx_word' id='word_1_857' title='bbox 1693 3834 1727 3884; x_wconf 92' lang='lat' dir='ltr'>de</span> <span class='ocrx_word' id='word_1_858' title='bbox 1743 3836 1796 3885; x_wconf 89' lang='lat' dir='ltr'>euls</span> <span class='ocrx_word' id='word_1_859' title='bbox 1814 3834 1936 3899; x_wconf 88' lang='lat' dir='ltr'>operibus</span> <span class='ocrx_word' id='word_1_860' title='bbox 1957 3841 1985 3882; x_wconf 91' lang='lat' dir='ltr'>et</span> <span class='ocrx_word' id='word_1_861' title='bbox 2007 3833 2120 3883; x_wconf 83' lang='lat' dir='ltr'>cultibus</span> <span class='ocrx_word' id='word_1_862' title='bbox 2145 3832 2194 3883; x_wconf 83' lang='lat' dir='ltr'>be-</span> 
     </span>
     <span class='ocr_line' id='line_1_50' title="bbox 185 3898 2195 3968; baseline 0 -17"><span class='ocrx_word' id='word_1_863' title='bbox 185 3916 216 3951; x_wconf 88' lang='lat' dir='ltr'>re</span> <span class='ocrx_word' id='word_1_864' title='bbox 231 3902 351 3952; x_wconf 91' lang='lat' dir='ltr'>nominet</span> <span class='ocrx_word' id='word_1_865' title='bbox 367 3902 473 3963; x_wconf 78' lang='lat' dir='ltr'>fructos,</span> <span class='ocrx_word' id='word_1_866' title='bbox 491 3909 521 3951; x_wconf 93' lang='lat' dir='ltr'>ut</span> <span class='ocrx_word' id='word_1_867' title='bbox 538 3902 659 3952; x_wconf 84' lang='lat' dir='ltr'>ostendet</span> <span class='ocrx_word' id='word_1_868' title='bbox 681 3904 780 3967; x_wconf 90' lang='lat' dir='ltr'>requiri</span> <span class='ocrx_word' id='word_1_869' title='bbox 797 3918 851 3952; x_wconf 93' lang='lat' dir='ltr'>non</span> <span class='ocrx_word' id='word_1_870' title='bbox 868 3902 1032 3967; x_wconf 78' lang='lat' dir='ltr'>hypocrisin,</span> <span class='ocrx_word' id='word_1_871' title='bbox 1055 3901 1101 3951; x_wconf 86' lang='lat' dir='ltr'>eod</span> <span class='ocrx_word' id='word_1_872' title='bbox 1123 3901 1161 3950; x_wconf 88' lang='lat' dir='ltr'>iu·</span> <span class='ocrx_word' id='word_1_873' title='bbox 1212 3898 1283 3948; x_wconf 89' lang='lat' dir='ltr'>bcut.</span> <span class='ocrx_word' id='word_1_874' title='bbox 1322 3899 1428 3951; x_wconf 82' lang='lat' dir='ltr'>biouuit</span> <span class='ocrx_word' id='word_1_875' title='bbox 1455 3908 1541 3951; x_wconf 85' lang='lat' dir='ltr'>entem</span> <span class='ocrx_word' id='word_1_876' title='bbox 1566 3916 1615 3952; x_wconf 92' lang='lat' dir='ltr'>nos</span> <span class='ocrx_word' id='word_1_877' title='bbox 1643 3905 1778 3968; x_wconf 89' lang='lat' dir='ltr'>scripture,</span> <span class='ocrx_word' id='word_1_878' title='bbox 1803 3916 1838 3953; x_wconf 89' lang='lat' dir='ltr'>ue</span> <span class='ocrx_word' id='word_1_879' title='bbox 1864 3901 2028 3955; x_wconf 88' lang='lat' dir='ltr'>multitudiue</span> <span class='ocrx_word' id='word_1_880' title='bbox 2053 3902 2195 3967; x_wconf 76' lang='lat' dir='ltr'>impium</span> 
     </span>
     <span class='ocr_line' id='line_1_51' title="bbox 185 3968 2195 4037; baseline -0.001 -16"><span class='ocrx_word' id='word_1_881' title='bbox 185 3971 287 4022; x_wconf 78' lang='lat' dir='ltr'>eiicim</span> <span class='ocrx_word' id='word_1_882' title='bbox 302 3985 369 4037; x_wconf 85' lang='lat' dir='ltr'>quee</span> <span class='ocrx_word' id='word_1_883' title='bbox 385 3972 418 4020; x_wconf 90' lang='lat' dir='ltr'>sit</span> <span class='ocrx_word' id='word_1_884' title='bbox 435 3970 542 4031; x_wconf 81' lang='lat' dir='ltr'>eiiiuex,</span> <span class='ocrx_word' id='word_1_885' title='bbox 567 3978 594 4020; x_wconf 89' lang='lat' dir='ltr'>et</span> <span class='ocrx_word' id='word_1_886' title='bbox 615 3972 743 4035; x_wconf 63' lang='lat' dir='ltr'>quadum</span> <span class='ocrx_word' id='word_1_887' title='bbox 765 3974 837 4022; x_wconf 83' lang='lat' dir='ltr'>nobe</span> <span class='ocrx_word' id='word_1_888' title='bbox 858 3971 927 4032; x_wconf 87' lang='lat' dir='ltr'>uite,</span> <span class='ocrx_word' id='word_1_889' title='bbox 951 3970 1054 4035; x_wconf 88' lang='lat' dir='ltr'>periens</span> <span class='ocrx_word' id='word_1_890' title='bbox 1078 3969 1161 4019; x_wconf 88' lang='lat' dir='ltr'>bonos</span> <span class='ocrx_word' id='word_1_891' title='bbox 1210 3968 1398 4033; x_wconf 90' lang='lat' dir='ltr'>perturbemur.</span> <span class='ocrx_word' id='word_1_892' title='bbox 1433 3969 1475 4018; x_wconf 78' lang='lat' dir='ltr'>Ac</span> <span class='ocrx_word' id='word_1_893' title='bbox 1493 3970 1572 4021; x_wconf 84' lang='lat' dir='ltr'>iecile</span> <span class='ocrx_word' id='word_1_894' title='bbox 1594 3977 1680 4035; x_wconf 89' lang='lat' dir='ltr'>potest</span> <span class='ocrx_word' id='word_1_895' title='bbox 1702 3970 1762 4021; x_wconf 83' lang='lat' dir='ltr'>fleiu&#39;</span> <span class='ocrx_word' id='word_1_896' title='bbox 1782 3970 1906 4021; x_wconf 89' lang='lat' dir='ltr'>iudicium</span> <span class='ocrx_word' id='word_1_897' title='bbox 1928 3971 1961 4020; x_wconf 88' lang='lat' dir='ltr'>de</span> <span class='ocrx_word' id='word_1_898' title='bbox 1984 3970 2079 4035; x_wconf 82' lang='lat' dir='ltr'>spiritu</span> <span class='ocrx_word' id='word_1_899' title='bbox 2100 3970 2195 4020; x_wconf 87' lang='lat' dir='ltr'>edner·</span> 
     </span>
     <span class='ocr_line' id='line_1_52' title="bbox 184 4037 2196 4091; baseline 0.001 -2"><span class='ocrx_word' id='word_1_900' title='bbox 184 4039 294 4091; x_wconf 81' lang='lat' dir='ltr'>irurtne.</span> <span class='ocrx_word' id='word_1_901' title='bbox 1211 4037 1348 4087; x_wconf 86' lang='lat' dir='ltr'>seriorum.</span> <span class='ocrx_word' id='word_1_902' title='bbox 1384 4038 1509 4089; x_wconf 86' lang='lat' dir='ltr'>Videmus</span> <span class='ocrx_word' id='word_1_903' title='bbox 1521 4040 1590 4090; x_wconf 87' lang='lat' dir='ltr'>enini</span> <span class='ocrx_word' id='word_1_904' title='bbox 1608 4042 1636 4089; x_wconf 92' lang='lat' dir='ltr'>in</span> <span class='ocrx_word' id='word_1_905' title='bbox 1660 4039 1746 4090; x_wconf 89' lang='lat' dir='ltr'>multis</span> <span class='ocrx_word' id='word_1_906' title='bbox 1770 4040 1886 4089; x_wconf 73' lang='lat' dir='ltr'>uticnlie</span> <span class='ocrx_word' id='word_1_907' title='bbox 1908 4038 2074 4090; x_wconf 84' lang='lat' dir='ltr'>meniieeteiu</span> <span class='ocrx_word' id='word_1_908' title='bbox 2096 4039 2196 4091; x_wconf 72' lang='lat' dir='ltr'>nente-</span> 
     </span>
     <span class='ocr_line' id='line_1_53' title="bbox 255 4105 2196 4173; baseline -0.001 -14"><span class='ocrx_word' id='word_1_909' title='bbox 255 4106 507 4173; x_wconf 67' lang='lat' dir='ltr'>delerinquere</span> <span class='ocrx_word' id='word_1_910' title='bbox 525 4108 641 4157; x_wconf 82' lang='lat' dir='ltr'>ociosum</span> <span class='ocrx_word' id='word_1_911' title='bbox 659 4106 1065 4159; x_wconf 82' lang='lat' dir='ltr'>subtilitetembiceiiectemus.</span> <span class='ocrx_word' id='word_1_912' title='bbox 1095 4105 1162 4157; x_wconf 81' lang='lat' dir='ltr'>Sunt</span> <span class='ocrx_word' id='word_1_913' title='bbox 1211 4112 1264 4155; x_wconf 87' lang='lat' dir='ltr'>teni</span> <span class='ocrx_word' id='word_1_914' title='bbox 1282 4105 1315 4155; x_wconf 89' lang='lat' dir='ltr'>eb</span> <span class='ocrx_word' id='word_1_915' title='bbox 1334 4107 1371 4155; x_wconf 89' lang='lat' dir='ltr'>eie</span> <span class='ocrx_word' id='word_1_916' title='bbox 1389 4107 1516 4160; x_wconf 89' lang='lat' dir='ltr'>damneri.</span> <span class='ocrx_word' id='word_1_917' title='bbox 1551 4108 1608 4159; x_wconf 84' lang='lat' dir='ltr'>Neo</span> <span class='ocrx_word' id='word_1_918' title='bbox 1625 4107 1742 4157; x_wconf 77' lang='lat' dir='ltr'>offendet</span> <span class='ocrx_word' id='word_1_919' title='bbox 1759 4121 1912 4171; x_wconf 86' lang='lat' dir='ltr'>quemquem</span> <span class='ocrx_word' id='word_1_920' title='bbox 1935 4108 2007 4172; x_wconf 90' lang='lat' dir='ltr'>quod</span> <span class='ocrx_word' id='word_1_921' title='bbox 2030 4107 2081 4157; x_wconf 90' lang='lat' dir='ltr'>sibi</span> <span class='ocrx_word' id='word_1_922' title='bbox 2102 4106 2196 4157; x_wconf 71' lang='lat' dir='ltr'>Boule-</span> 
     </span>
     <span class='ocr_line' id='line_1_54' title="bbox 183 4174 2197 4241; baseline 0 -14"><span class='ocrx_word' id='word_1_923' title='bbox 183 4176 256 4227; x_wconf 84' lang='lat' dir='ltr'>euim</span> <span class='ocrx_word' id='word_1_924' title='bbox 272 4177 442 4241; x_wconf 84' lang='lat' dir='ltr'>greuiesimec</span> <span class='ocrx_word' id='word_1_925' title='bbox 461 4190 555 4226; x_wconf 87' lang='lat' dir='ltr'>ceueee</span> <span class='ocrx_word' id='word_1_926' title='bbox 571 4182 679 4241; x_wconf 82' lang='lat' dir='ltr'>propter</span> <span class='ocrx_word' id='word_1_927' title='bbox 695 4190 758 4241; x_wconf 84' lang='lat' dir='ltr'>ques</span> <span class='ocrx_word' id='word_1_928' title='bbox 776 4176 841 4227; x_wconf 89' lang='lat' dir='ltr'>beec</span> <span class='ocrx_word' id='word_1_929' title='bbox 858 4179 1027 4241; x_wconf 85' lang='lat' dir='ltr'>disputemus.</span> <span class='ocrx_word' id='word_1_930' title='bbox 1057 4175 1161 4225; x_wconf 79' lang='lat' dir='ltr'>Etenim</span> <span class='ocrx_word' id='word_1_931' title='bbox 1211 4176 1267 4223; x_wconf 89' lang='lat' dir='ltr'>eiee</span> <span class='ocrx_word' id='word_1_932' title='bbox 1283 4189 1378 4224; x_wconf 84' lang='lat' dir='ltr'>nomen</span> <span class='ocrx_word' id='word_1_933' title='bbox 1396 4175 1538 4227; x_wconf 83' lang='lat' dir='ltr'>uindicent</span> <span class='ocrx_word' id='word_1_934' title='bbox 1572 4174 1642 4226; x_wconf 80' lang='lat' dir='ltr'>Nem</span> <span class='ocrx_word' id='word_1_935' title='bbox 1658 4176 1778 4226; x_wconf 81' lang='lat' dir='ltr'>Ecclesie</span> <span class='ocrx_word' id='word_1_936' title='bbox 1794 4176 1892 4228; x_wconf 84' lang='lat' dir='ltr'>Christi</span> <span class='ocrx_word' id='word_1_937' title='bbox 1909 4176 1979 4241; x_wconf 92' lang='lat' dir='ltr'>epud</span> <span class='ocrx_word' id='word_1_938' title='bbox 2000 4175 2050 4226; x_wconf 87' lang='lat' dir='ltr'>bus</span> <span class='ocrx_word' id='word_1_939' title='bbox 2069 4184 2123 4236; x_wconf 88' lang='lat' dir='ltr'>eet,</span> <span class='ocrx_word' id='word_1_940' title='bbox 2147 4178 2197 4241; x_wconf 90' lang='lat' dir='ltr'>qui</span> 
     </span>
     <span class='ocr_line' id='line_1_55' title="bbox 183 4242 2195 4312; baseline -0.001 -15"><span class='ocrx_word' id='word_1_941' title='bbox 183 4248 208 4297; x_wconf 92' lang='lat' dir='ltr'>ei</span> <span class='ocrx_word' id='word_1_942' title='bbox 224 4246 366 4311; x_wconf 86' lang='lat' dir='ltr'>lergiemur</span> <span class='ocrx_word' id='word_1_943' title='bbox 382 4246 540 4312; x_wconf 84' lang='lat' dir='ltr'>eduersurijs</span> <span class='ocrx_word' id='word_1_944' title='bbox 557 4246 629 4309; x_wconf 88' lang='lat' dir='ltr'>quod</span> <span class='ocrx_word' id='word_1_945' title='bbox 647 4259 726 4309; x_wconf 84' lang='lat' dir='ltr'>opere</span> <span class='ocrx_word' id='word_1_946' title='bbox 747 4252 894 4295; x_wconf 80' lang='lat' dir='ltr'>mercentur</span> <span class='ocrx_word' id='word_1_947' title='bbox 917 4246 998 4295; x_wconf 90' lang='lat' dir='ltr'>uitem</span> <span class='ocrx_word' id='word_1_948' title='bbox 1019 4249 1160 4306; x_wconf 87' lang='lat' dir='ltr'>eeternem,</span> <span class='ocrx_word' id='word_1_949' title='bbox 1211 4242 1386 4306; x_wconf 80' lang='lat' dir='ltr'>ltuengeliom</span> <span class='ocrx_word' id='word_1_950' title='bbox 1402 4242 1501 4294; x_wconf 76' lang='lat' dir='ltr'>Christi</span> <span class='ocrx_word' id='word_1_951' title='bbox 1518 4252 1591 4295; x_wconf 87' lang='lat' dir='ltr'>recte</span> <span class='ocrx_word' id='word_1_952' title='bbox 1609 4245 1711 4304; x_wconf 87' lang='lat' dir='ltr'>docent,</span> <span class='ocrx_word' id='word_1_953' title='bbox 1729 4259 1783 4294; x_wconf 93' lang='lat' dir='ltr'>uon</span> <span class='ocrx_word' id='word_1_954' title='bbox 1799 4247 1870 4310; x_wconf 86' lang='lat' dir='ltr'>repud</span> <span class='ocrx_word' id='word_1_955' title='bbox 1887 4245 1948 4295; x_wconf 90' lang='lat' dir='ltr'>ilice</span> <span class='ocrx_word' id='word_1_956' title='bbox 1965 4245 2117 4309; x_wconf 70' lang='lat' dir='ltr'>qnipreugie</span> <span class='ocrx_word' id='word_1_957' title='bbox 2134 4247 2195 4310; x_wconf 92' lang='lat' dir='ltr'>opi·</span> 
     </span>
     <span class='ocr_line' id='line_1_56' title="bbox 183 4310 2197 4380; baseline 0 -15"><span class='ocrx_word' id='word_1_958' title='bbox 183 4329 248 4365; x_wconf 82' lang='lat' dir='ltr'>mox</span> <span class='ocrx_word' id='word_1_959' title='bbox 270 4322 392 4366; x_wconf 88' lang='lat' dir='ltr'>ettexunt</span> <span class='ocrx_word' id='word_1_960' title='bbox 412 4314 459 4365; x_wconf 90' lang='lat' dir='ltr'>ille</span> <span class='ocrx_word' id='word_1_961' title='bbox 481 4314 607 4375; x_wconf 86' lang='lat' dir='ltr'>ebeurde,</span> <span class='ocrx_word' id='word_1_962' title='bbox 630 4315 700 4380; x_wconf 85' lang='lat' dir='ltr'>quod</span> <span class='ocrx_word' id='word_1_963' title='bbox 722 4328 803 4379; x_wconf 89' lang='lat' dir='ltr'>opere</span> <span class='ocrx_word' id='word_1_964' title='bbox 830 4315 885 4378; x_wconf 86' lang='lat' dir='ltr'>legi</span> <span class='ocrx_word' id='word_1_965' title='bbox 911 4313 963 4363; x_wconf 91' lang='lat' dir='ltr'>Dei</span> <span class='ocrx_word' id='word_1_966' title='bbox 990 4311 1162 4374; x_wconf 80' lang='lat' dir='ltr'>setisiecient,</span> <span class='ocrx_word' id='word_1_967' title='bbox 1211 4311 1589 4376; x_wconf 74' lang='lat' dir='ltr'>monecouueltcsngeltcm</span> <span class='ocrx_word' id='word_1_968' title='bbox 1604 4313 1757 4373; x_wconf 80' lang='lat' dir='ltr'>detendunt,</span> <span class='ocrx_word' id='word_1_969' title='bbox 1771 4315 1839 4364; x_wconf 89' lang='lat' dir='ltr'>sicut</span> <span class='ocrx_word' id='word_1_970' title='bbox 1853 4314 1939 4378; x_wconf 84' lang='lat' dir='ltr'>inquit</span> <span class='ocrx_word' id='word_1_971' title='bbox 1954 4311 2092 4365; x_wconf 83' lang='lat' dir='ltr'>Dominus.</span> <span class='ocrx_word' id='word_1_972' title='bbox 2121 4310 2197 4367; x_wconf 86' lang='lat' dir='ltr'>Ouee</span> 
     </span>
     <span class='ocr_line' id='line_1_57' title="bbox 183 4380 1643 4448; baseline -0.001 -14"><span class='ocrx_word' id='word_1_973' title='bbox 183 4386 257 4448; x_wconf 83' lang='lat' dir='ltr'>quod</span> <span class='ocrx_word' id='word_1_974' title='bbox 273 4398 327 4434; x_wconf 90' lang='lat' dir='ltr'>nou</span> <span class='ocrx_word' id='word_1_975' title='bbox 343 4381 459 4433; x_wconf 77' lang='lat' dir='ltr'>hebmnt</span> <span class='ocrx_word' id='word_1_976' title='bbox 475 4396 541 4448; x_wconf 90' lang='lat' dir='ltr'>opus</span> <span class='ocrx_word' id='word_1_977' title='bbox 557 4383 750 4442; x_wconf 83' lang='lat' dir='ltr'>misericordie,</span> <span class='ocrx_word' id='word_1_978' title='bbox 767 4383 836 4447; x_wconf 87' lang='lat' dir='ltr'>qnod</span> <span class='ocrx_word' id='word_1_979' title='bbox 854 4383 934 4432; x_wconf 88' lang='lat' dir='ltr'>simus</span> <span class='ocrx_word' id='word_1_980' title='bbox 950 4382 1025 4441; x_wconf 86' lang='lat' dir='ltr'>iusti,</span> <span class='ocrx_word' id='word_1_981' title='bbox 1042 4380 1095 4431; x_wconf 89' lang='lat' dir='ltr'>boc</span> <span class='ocrx_word' id='word_1_982' title='bbox 1112 4387 1160 4443; x_wconf 87' lang='lat' dir='ltr'>est,</span> <span class='ocrx_word' id='word_1_983' title='bbox 1211 4392 1285 4430; x_wconf 90' lang='lat' dir='ltr'>meee</span> <span class='ocrx_word' id='word_1_984' title='bbox 1301 4393 1396 4431; x_wconf 87' lang='lat' dir='ltr'>uocem</span> <span class='ocrx_word' id='word_1_985' title='bbox 1411 4394 1496 4432; x_wconf 79' lang='lat' dir='ltr'>meum</span> <span class='ocrx_word' id='word_1_986' title='bbox 1513 4380 1643 4447; x_wconf 79' lang='lat' dir='ltr'>endunt]</span> 
     </span>
     <span class='ocr_line' id='line_1_58' title="bbox 183 4448 1160 4516; baseline -0.002 -14"><span class='ocrx_word' id='word_1_987' title='bbox 183 4455 285 4516; x_wconf 85' lang='lat' dir='ltr'>eccepti</span> <span class='ocrx_word' id='word_1_988' title='bbox 301 4452 362 4501; x_wconf 90' lang='lat' dir='ltr'>Deo</span> <span class='ocrx_word' id='word_1_989' title='bbox 379 4458 486 4516; x_wconf 90' lang='lat' dir='ltr'>propter</span> <span class='ocrx_word' id='word_1_990' title='bbox 502 4458 591 4501; x_wconf 85' lang='lat' dir='ltr'>nostre</span> <span class='ocrx_word' id='word_1_991' title='bbox 608 4464 703 4516; x_wconf 90' lang='lat' dir='ltr'>opere,</span> <span class='ocrx_word' id='word_1_992' title='bbox 720 4465 776 4501; x_wconf 90' lang='lat' dir='ltr'>non</span> <span class='ocrx_word' id='word_1_993' title='bbox 793 4459 902 4515; x_wconf 89' lang='lat' dir='ltr'>propter</span> <span class='ocrx_word' id='word_1_994' title='bbox 923 4448 1067 4509; x_wconf 67' lang='lat' dir='ltr'>mnium,</span> <span class='ocrx_word' id='word_1_995' title='bbox 1089 4451 1160 4515; x_wconf 86' lang='lat' dir='ltr'>quod</span> 
     </span>
     <span class='ocr_line' id='line_1_59' title="bbox 184 4518 1281 4586; baseline -0.002 -17"><span class='ocrx_word' id='word_1_996' title='bbox 184 4520 320 4586; x_wconf 71' lang='lat' dir='ltr'>plusquam</span> <span class='ocrx_word' id='word_1_997' title='bbox 342 4520 427 4583; x_wconf 86' lang='lat' dir='ltr'>legem</span> <span class='ocrx_word' id='word_1_998' title='bbox 448 4520 535 4571; x_wconf 83' lang='lat' dir='ltr'>iecere</span> <span class='ocrx_word' id='word_1_999' title='bbox 558 4519 676 4570; x_wconf 88' lang='lat' dir='ltr'>homiues</span> <span class='ocrx_word' id='word_1_1000' title='bbox 697 4521 807 4584; x_wconf 87' lang='lat' dir='ltr'>possint.</span> <span class='ocrx_word' id='word_1_1001' title='bbox 841 4519 882 4569; x_wconf 89' lang='lat' dir='ltr'>Ite</span> <span class='ocrx_word' id='word_1_1002' title='bbox 904 4526 961 4569; x_wconf 87' lang='lat' dir='ltr'>tots</span> <span class='ocrx_word' id='word_1_1003' title='bbox 983 4518 1105 4568; x_wconf 86' lang='lat' dir='ltr'>doctrine</span> <span class='ocrx_word' id='word_1_1004' title='bbox 1128 4518 1161 4567; x_wconf 90' lang='lat' dir='ltr'>de</span> <span class='ocrx_word' id='word_1_1005' title='bbox 1278 4554 1281 4559; x_wconf 87' lang='lat'>.</span> 
     </span>
     <span class='ocr_line' id='line_1_60' title="bbox 184 4585 1874 4685; baseline -0.001 -47"><span class='ocrx_word' id='word_1_1006' title='bbox 184 4588 290 4639; x_wconf 87' lang='lat' dir='ltr'>iusticie</span> <span class='ocrx_word' id='word_1_1007' title='bbox 305 4588 366 4637; x_wconf 86' lang='lat' dir='ltr'>iidei</span> <span class='ocrx_word' id='word_1_1008' title='bbox 391 4587 517 4638; x_wconf 90' lang='lat' dir='ltr'>obruitur.</span> <span class='ocrx_word' id='word_1_1009' title='bbox 551 4588 599 4637; x_wconf 82' lang='lat' dir='ltr'>Est</span> <span class='ocrx_word' id='word_1_1010' title='bbox 623 4596 707 4638; x_wconf 88' lang='lat' dir='ltr'>eutem</span> <span class='ocrx_word' id='word_1_1011' title='bbox 731 4588 906 4638; x_wconf 80' lang='lat' dir='ltr'>neceesarium</span> <span class='ocrx_word' id='word_1_1012' title='bbox 927 4589 1039 4637; x_wconf 90' lang='lat' dir='ltr'>retinere</span> <span class='ocrx_word' id='word_1_1013' title='bbox 1060 4586 1088 4636; x_wconf 92' lang='lat' dir='ltr'>in</span> <span class='ocrx_word' id='word_1_1014' title='bbox 1112 4585 1161 4636; x_wconf 78' lang='lat' dir='ltr'>iio·</span> <span class='ocrx_word' id='word_1_1015' title='bbox 1527 4616 1591 4680; x_wconf 70' lang='lat' dir='ltr'>DE</span> <span class='ocrx_word' id='word_1_1016' title='bbox 1612 4614 1874 4685; x_wconf 46' lang='lat' dir='ltr'>mansu.</span> 
     </span>
     <span class='ocr_line' id='line_1_61' title="bbox 184 4655 1162 4721; baseline -0.001 -15"><span class='ocrx_word' id='word_1_1017' title='bbox 184 4657 265 4707; x_wconf 89' lang='lat' dir='ltr'>clesie</span> <span class='ocrx_word' id='word_1_1018' title='bbox 280 4670 372 4721; x_wconf 91' lang='lat' dir='ltr'>pnrem</span> <span class='ocrx_word' id='word_1_1019' title='bbox 388 4656 533 4707; x_wconf 71' lang='lat' dir='ltr'>doctrinam</span> <span class='ocrx_word' id='word_1_1020' title='bbox 550 4656 583 4706; x_wconf 90' lang='lat' dir='ltr'>de</span> <span class='ocrx_word' id='word_1_1021' title='bbox 599 4657 702 4707; x_wconf 87' lang='lat' dir='ltr'>lmticie</span> <span class='ocrx_word' id='word_1_1022' title='bbox 717 4656 789 4706; x_wconf 78' lang='lat' dir='ltr'>idei.</span> <span class='ocrx_word' id='word_1_1023' title='bbox 825 4656 913 4720; x_wconf 76' lang='lat' dir='ltr'>Queri</span> <span class='ocrx_word' id='word_1_1024' title='bbox 936 4655 1055 4719; x_wconf 85' lang='lat' dir='ltr'>cogimur</span> <span class='ocrx_word' id='word_1_1025' title='bbox 1070 4655 1162 4706; x_wconf 85' lang='lat' dir='ltr'>Pheri-</span> 
     </span>
     <span class='ocr_line' id='line_1_62' title="bbox 184 4723 1162 4791; baseline 0 -18"><span class='ocrx_word' id='word_1_1026' title='bbox 184 4726 270 4774; x_wconf 86' lang='lat' dir='ltr'>eeices</span> <span class='ocrx_word' id='word_1_1027' title='bbox 288 4726 424 4791; x_wconf 90' lang='lat' dir='ltr'>opiniones</span> <span class='ocrx_word' id='word_1_1028' title='bbox 442 4726 650 4775; x_wconf 73' lang='lat' dir='ltr'>aduersariorum</span> <span class='ocrx_word' id='word_1_1029' title='bbox 668 4725 866 4791; x_wconf 84' lang='lat' dir='ltr'>reprehendere,</span> <span class='ocrx_word' id='word_1_1030' title='bbox 883 4730 911 4774; x_wconf 89' lang='lat' dir='ltr'>et</span> <span class='ocrx_word' id='word_1_1031' title='bbox 926 4724 1076 4787; x_wconf 87' lang='lat' dir='ltr'>utgloriem</span> <span class='ocrx_word' id='word_1_1032' title='bbox 1086 4723 1162 4774; x_wconf 87' lang='lat' dir='ltr'>cliri-</span> 
     </span>
    </p>
   </div>
   <div class='ocr_carea' id='block_1_5' title="bbox 184 4767 2197 4927">
    <p class='ocr_par' dir='ltr' id='par_1_8' title="bbox 184 4767 2197 4927">
     <span class='ocr_line' id='line_1_63' title="bbox 185 4767 2197 4890; baseline -0.001 -14"><span class='ocrx_word' id='word_1_1033' title='bbox 185 4792 222 4845; x_wconf 49' lang='grc' dir='ltr'>’ἃ</span> <span class='ocrx_word' id='word_1_1034' title='bbox 236 4790 407 4854; x_wconf 71' lang='lat' dir='ltr'>menemus,</span> <span class='ocrx_word' id='word_1_1035' title='bbox 426 4801 452 4843; x_wconf 56' lang='grc' dir='ltr'>θ’</span> <span class='ocrx_word' id='word_1_1036' title='bbox 467 4802 497 4842; x_wconf 61' lang='lat'>¹¹³</span> <span class='ocrx_word' id='word_1_1037' title='bbox 515 4794 683 4875; x_wconf 52' lang='lat' dir='ltr'>⁰⁰⁰⁸⁰i⁰¹²⁸5³</span> <span class='ocrx_word' id='word_1_1038' title='bbox 705 4794 792 4874; x_wconf 56' lang='lat' dir='ltr'><strong><em>m</em></strong></span> <span class='ocrx_word' id='word_1_1039' title='bbox 814 4793 1009 4875; x_wconf 59' lang='lat' dir='ltr'><strong>i⁰⁰³⁰¹⁸⁶⁰¹¹⁸⁸</strong></span> <span class='ocrx_word' id='word_1_1040' title='bbox 1032 4806 1161 4873; x_wconf 56' lang='lat' dir='ltr'>imm?</span> <span class='ocrx_word' id='word_1_1041' title='bbox 1299 4804 1519 4890; x_wconf 89' lang='lat' dir='ltr'>Septimum</span> <span class='ocrx_word' id='word_1_1042' title='bbox 1542 4803 1716 4872; x_wconf 78' lang='lat' dir='ltr'>articulum</span> <span class='ocrx_word' id='word_1_1043' title='bbox 1734 4803 1961 4873; x_wconf 79' lang='lat' dir='ltr'>confessionis</span> <span class='ocrx_word' id='word_1_1044' title='bbox 1979 4767 2119 4873; x_wconf 83' lang='lat' dir='ltr'>nostres</span> <span class='ocrx_word' id='word_1_1045' title='bbox 2133 4808 2197 4874; x_wconf 86' lang='lat' dir='ltr'>de·</span> 
     </span>
     <span class='ocr_line' id='line_1_64' title="bbox 184 4860 1161 4927; baseline -0.002 -14"><span class='ocrx_word' id='word_1_1046' title='bbox 184 4876 251 4913; x_wconf 91' lang='lat' dir='ltr'>inus.</span> <span class='ocrx_word' id='word_1_1047' title='bbox 287 4860 426 4923; x_wconf 80' lang='lat' dir='ltr'>Quomodo</span> <span class='ocrx_word' id='word_1_1048' title='bbox 445 4865 514 4913; x_wconf 88' lang='lat' dir='ltr'>eniin</span> <span class='ocrx_word' id='word_1_1049' title='bbox 532 4865 663 4927; x_wconf 81' lang='lat' dir='ltr'>concipiet</span> <span class='ocrx_word' id='word_1_1050' title='bbox 679 4871 839 4915; x_wconf 79' lang='lat' dir='ltr'>conscientie</span> <span class='ocrx_word' id='word_1_1051' title='bbox 856 4861 955 4911; x_wconf 76' lang='lat' dir='ltr'>firmem</span> <span class='ocrx_word' id='word_1_1052' title='bbox 1018 4875 1044 4910; x_wconf 92' lang='lat' dir='ltr'>m</span> <span class='ocrx_word' id='word_1_1053' title='bbox 1060 4862 1161 4921; x_wconf 86' lang='lat' dir='ltr'>eeluue,</span> 
     </span>
    </p>
   </div>
   <div class='ocr_carea' id='block_1_6' title="bbox 183 4890 2199 5406">
    <p class='ocr_par' dir='ltr' id='par_1_9' title="bbox 183 4890 2198 5065">
     <span class='ocr_line' id='line_1_65' title="bbox 184 4890 2198 4997; baseline -0.003 -15"><span class='ocrx_word' id='word_1_1054' title='bbox 184 4946 243 4982; x_wconf 91' lang='lat' dir='ltr'>cum</span> <span class='ocrx_word' id='word_1_1055' title='bbox 260 4932 288 4980; x_wconf 94' lang='lat' dir='ltr'>in</span> <span class='ocrx_word' id='word_1_1056' title='bbox 305 4930 403 4980; x_wconf 91' lang='lat' dir='ltr'>iudicio</span> <span class='ocrx_word' id='word_1_1057' title='bbox 422 4933 517 4981; x_wconf 89' lang='lat' dir='ltr'>sentiet</span> <span class='ocrx_word' id='word_1_1058' title='bbox 534 4945 613 4997; x_wconf 89' lang='lat' dir='ltr'>opere</span> <span class='ocrx_word' id='word_1_1059' title='bbox 629 4934 739 4997; x_wconf 85' lang='lat' dir='ltr'>indigne</span> <span class='ocrx_word' id='word_1_1060' title='bbox 756 4946 821 4991; x_wconf 87' lang='lat' dir='ltr'>esse,</span> <span class='ocrx_word' id='word_1_1061' title='bbox 839 4930 889 4979; x_wconf 83' lang='lat' dir='ltr'>nisi</span> <span class='ocrx_word' id='word_1_1062' title='bbox 906 4931 971 4979; x_wconf 89' lang='lat' dir='ltr'>sciet</span> <span class='ocrx_word' id='word_1_1063' title='bbox 1004 4931 1103 4980; x_wconf 91' lang='lat' dir='ltr'>omines</span> <span class='ocrx_word' id='word_1_1064' title='bbox 1120 4943 1161 4979; x_wconf 89' lang='lat' dir='ltr'>re·</span> <span class='ocrx_word' id='word_1_1065' title='bbox 1212 4904 1422 4970; x_wconf 61' lang='lat' dir='ltr'><strong>&#39;mmmm’</strong></span> <span class='ocrx_word' id='word_1_1066' title='bbox 1444 4892 1479 4956; x_wconf 55' lang='lat'>5¹¹</span> <span class='ocrx_word' id='word_1_1067' title='bbox 1490 4911 1556 4977; x_wconf 69' lang='lat'>(1¹¹⁰</span> <span class='ocrx_word' id='word_1_1068' title='bbox 1568 4892 1722 4971; x_wconf 56' lang='lat' dir='ltr'><strong>dmum,</strong></span> <span class='ocrx_word' id='word_1_1069' title='bbox 1742 4890 1933 4960; x_wconf 61' lang='lat' dir='ltr'><strong>E⁰⁰¹⁰⁸¹⁸m</strong></span> <span class='ocrx_word' id='word_1_1070' title='bbox 1950 4910 2028 4958; x_wconf 73' lang='lat'>⁰⁸⁸⁰</span> <span class='ocrx_word' id='word_1_1071' title='bbox 2050 4910 2198 4981; x_wconf 59' lang='grc' dir='ltr'>ΜΕΝ·</span> 
     </span>
     <span class='ocr_line' id='line_1_66' title="bbox 183 4998 1161 5065; baseline 0.001 -19"><span class='ocrx_word' id='word_1_1072' title='bbox 183 5000 270 5065; x_wconf 89' lang='lat' dir='ltr'>puterl</span> <span class='ocrx_word' id='word_1_1073' title='bbox 287 5000 368 5049; x_wconf 86' lang='lat' dir='ltr'>iustos</span> <span class='ocrx_word' id='word_1_1074' title='bbox 386 5004 413 5048; x_wconf 87' lang='lat' dir='ltr'>et</span> <span class='ocrx_word' id='word_1_1075' title='bbox 428 5002 526 5050; x_wconf 79' lang='lat' dir='ltr'>reineri</span> <span class='ocrx_word' id='word_1_1076' title='bbox 544 5016 590 5065; x_wconf 87' lang='lat' dir='ltr'>per</span> <span class='ocrx_word' id='word_1_1077' title='bbox 606 5001 819 5058; x_wconf 78' lang='lat' dir='ltr'>misericordium,</span> <span class='ocrx_word' id='word_1_1078' title='bbox 830 5004 937 5063; x_wconf 89' lang='lat' dir='ltr'>propter</span> <span class='ocrx_word' id='word_1_1079' title='bbox 948 4998 1089 5061; x_wconf 80' lang='lat' dir='ltr'>Christum,</span> <span class='ocrx_word' id='word_1_1080' title='bbox 1107 5012 1161 5047; x_wconf 91' lang='lat' dir='ltr'>nou</span> 
     </span>
    </p>

    <p class='ocr_par' dir='ltr' id='par_1_10' title="bbox 183 5066 1161 5133">
     <span class='ocr_line' id='line_1_67' title="bbox 183 5066 1161 5133; baseline -0.001 -17"><span class='ocrx_word' id='word_1_1081' title='bbox 183 5073 290 5133; x_wconf 88' lang='lat' dir='ltr'>propter</span> <span class='ocrx_word' id='word_1_1082' title='bbox 306 5070 436 5133; x_wconf 83' lang='lat' dir='ltr'>proprium</span> <span class='ocrx_word' id='word_1_1083' title='bbox 452 5069 521 5132; x_wconf 87' lang='lat' dir='ltr'>legis</span> <span class='ocrx_word' id='word_1_1084' title='bbox 539 5069 725 5132; x_wconf 89' lang='lat' dir='ltr'>impletionem.</span> <span class='ocrx_word' id='word_1_1085' title='bbox 760 5068 803 5118; x_wconf 75' lang='lat' dir='ltr'>An</span> <span class='ocrx_word' id='word_1_1086' title='bbox 820 5066 975 5116; x_wconf 85' lang='lat' dir='ltr'>Leurentius</span> <span class='ocrx_word' id='word_1_1087' title='bbox 992 5066 1020 5115; x_wconf 91' lang='lat' dir='ltr'>in</span> <span class='ocrx_word' id='word_1_1088' title='bbox 1037 5066 1161 5115; x_wconf 89' lang='lat' dir='ltr'>creticule</span> 
     </span>
    </p>

    <p class='ocr_par' dir='ltr' id='par_1_11' title="bbox 184 5135 1657 5201">
     <span class='ocr_line' id='line_1_68' title="bbox 184 5135 1657 5201; baseline -0.001 -16"><span class='ocrx_word' id='word_1_1089' title='bbox 184 5136 312 5187; x_wconf 87' lang='lat' dir='ltr'>sentiebet</span> <span class='ocrx_word' id='word_1_1090' title='bbox 328 5152 357 5187; x_wconf 87' lang='lat' dir='ltr'>ee</span> <span class='ocrx_word' id='word_1_1091' title='bbox 375 5137 424 5185; x_wconf 81' lang='lat' dir='ltr'>boc</span> <span class='ocrx_word' id='word_1_1092' title='bbox 441 5149 520 5201; x_wconf 85' lang='lat' dir='ltr'>opere</span> <span class='ocrx_word' id='word_1_1093' title='bbox 537 5135 592 5198; x_wconf 89' lang='lat' dir='ltr'>legi</span> <span class='ocrx_word' id='word_1_1094' title='bbox 603 5135 655 5185; x_wconf 89' lang='lat' dir='ltr'>Dei</span> <span class='ocrx_word' id='word_1_1095' title='bbox 672 5136 830 5196; x_wconf 87' lang='lat' dir='ltr'>eetisiecere,</span> <span class='ocrx_word' id='word_1_1096' title='bbox 848 5148 876 5183; x_wconf 90' lang='lat' dir='ltr'>ee</span> <span class='ocrx_word' id='word_1_1097' title='bbox 894 5135 951 5184; x_wconf 89' lang='lat' dir='ltr'>sinc</span> <span class='ocrx_word' id='word_1_1098' title='bbox 967 5141 1074 5199; x_wconf 86' lang='lat' dir='ltr'>peecuto</span> <span class='ocrx_word' id='word_1_1099' title='bbox 1093 5147 1160 5196; x_wconf 88' lang='lat' dir='ltr'>esee,</span> <span class='ocrx_word' id='word_1_1100' title='bbox 1647 5136 1657 5196; x_wconf 73' lang='grc' dir='ltr'><strong>ξ</strong></span> 
     </span>
    </p>

    <p class='ocr_par' dir='ltr' id='par_1_12' title="bbox 184 5183 2090 5269">
     <span class='ocr_line' id='line_1_69' title="bbox 184 5183 2090 5269; baseline -0.002 -15"><span class='ocrx_word' id='word_1_1101' title='bbox 184 5218 213 5254; x_wconf 88' lang='lat' dir='ltr'>se</span> <span class='ocrx_word' id='word_1_1102' title='bbox 233 5219 288 5255; x_wconf 92' lang='lat' dir='ltr'>non</span> <span class='ocrx_word' id='word_1_1103' title='bbox 314 5205 433 5269; x_wconf 87' lang='lat' dir='ltr'>indigere</span> <span class='ocrx_word' id='word_1_1104' title='bbox 456 5204 599 5253; x_wconf 86' lang='lat' dir='ltr'>mediatore</span> <span class='ocrx_word' id='word_1_1105' title='bbox 623 5202 744 5265; x_wconf 86' lang='lat' dir='ltr'>Christo,</span> <span class='ocrx_word' id='word_1_1106' title='bbox 767 5211 794 5253; x_wconf 87' lang='lat' dir='ltr'>et</span> <span class='ocrx_word' id='word_1_1107' title='bbox 817 5202 997 5252; x_wconf 85' lang='lat' dir='ltr'>misericordie</span> <span class='ocrx_word' id='word_1_1108' title='bbox 1017 5202 1077 5254; x_wconf 87' lang='lat' dir='ltr'>Dei.</span> <span class='ocrx_word' id='word_1_1109' title='bbox 1111 5202 1161 5252; x_wconf 91' lang='lat' dir='ltr'>Ille</span> <span class='ocrx_word' id='word_1_1110' title='bbox 1230 5185 1261 5251; x_wconf 86' lang='lat'>¹¹)</span> <span class='ocrx_word' id='word_1_1111' title='bbox 1280 5183 1444 5249; x_wconf 65' lang='lat' dir='ltr'>⁰⁰¹¹i¹⁰8⁸¹¹il</span> <span class='ocrx_word' id='word_1_1112' title='bbox 1462 5183 1511 5236; x_wconf 61' lang='lat' dir='ltr'>Ed·</span> <span class='ocrx_word' id='word_1_1113' title='bbox 1530 5183 1570 5235; x_wconf 60' lang='lat'>³³</span> <span class='ocrx_word' id='word_1_1114' title='bbox 1588 5190 1723 5247; x_wconf 54' lang='lat' dir='ltr'>“minnist</span> <span class='ocrx_word' id='word_1_1115' title='bbox 2086 5245 2090 5251; x_wconf 93' lang='lat'>.</span> 
     </span>
    </p>

    <p class='ocr_par' dir='ltr' id='par_1_13' title="bbox 184 5267 2199 5406">
     <span class='ocr_line' id='line_1_70' title="bbox 184 5267 2199 5339; baseline 0.001 -17"><span class='ocrx_word' id='word_1_1116' title='bbox 184 5287 248 5323; x_wconf 89' lang='lat' dir='ltr'>uero</span> <span class='ocrx_word' id='word_1_1117' title='bbox 265 5288 319 5324; x_wconf 93' lang='lat' dir='ltr'>non</span> <span class='ocrx_word' id='word_1_1118' title='bbox 339 5274 460 5324; x_wconf 85' lang='lat' dir='ltr'>dissensit</span> <span class='ocrx_word' id='word_1_1119' title='bbox 476 5287 493 5322; x_wconf 89' lang='lat' dir='ltr'>e</span> <span class='ocrx_word' id='word_1_1120' title='bbox 509 5270 651 5337; x_wconf 83' lang='lat' dir='ltr'>Prophetes,</span> <span class='ocrx_word' id='word_1_1121' title='bbox 667 5274 711 5339; x_wconf 85' lang='lat' dir='ltr'>qni</span> <span class='ocrx_word' id='word_1_1122' title='bbox 729 5274 775 5323; x_wconf 84' lang='lat' dir='ltr'>eit</span> <span class='ocrx_word' id='word_1_1123' title='bbox 810 5270 871 5320; x_wconf 80' lang='lat' dir='ltr'>Non</span> <span class='ocrx_word' id='word_1_1124' title='bbox 887 5272 968 5321; x_wconf 88' lang='lat' dir='ltr'>intres</span> <span class='ocrx_word' id='word_1_1125' title='bbox 985 5270 1013 5320; x_wconf 91' lang='lat' dir='ltr'>ln</span> <span class='ocrx_word' id='word_1_1126' title='bbox 1035 5270 1161 5320; x_wconf 90' lang='lat' dir='ltr'>indicium</span> <span class='ocrx_word' id='word_1_1127' title='bbox 1229 5272 1261 5336; x_wconf 88' lang='lat' dir='ltr'>o)</span> <span class='ocrx_word' id='word_1_1128' title='bbox 1279 5270 1422 5322; x_wconf 88' lang='lat' dir='ltr'>somniebet</span> <span class='ocrx_word' id='word_1_1129' title='bbox 1516 5267 1674 5333; x_wconf 86' lang='lat' dir='ltr'>cumulebet]</span> <span class='ocrx_word' id='word_1_1130' title='bbox 1698 5269 1748 5320; x_wconf 79' lang='lat' dir='ltr'>lid.</span> <span class='ocrx_word' id='word_1_1131' title='bbox 1767 5270 1807 5319; x_wconf 82' lang='lat' dir='ltr'>4.i</span> <span class='ocrx_word' id='word_1_1132' title='bbox 1828 5269 1995 5323; x_wconf 82' lang='lat' dir='ltr'>somniebeut</span> <span class='ocrx_word' id='word_1_1133' title='bbox 2076 5272 2199 5324; x_wconf 68' lang='grc' dir='ltr'>σιωπὴ·</span> 
     </span>
     <span class='ocr_line' id='line_1_71' title="bbox 184 5338 2061 5406; baseline -0.003 -12"><span class='ocrx_word' id='word_1_1134' title='bbox 184 5354 243 5393; x_wconf 83' lang='lat' dir='ltr'>tum</span> <span class='ocrx_word' id='word_1_1135' title='bbox 258 5356 336 5394; x_wconf 92' lang='lat' dir='ltr'>seruo</span> <span class='ocrx_word' id='word_1_1136' title='bbox 355 5349 417 5402; x_wconf 88' lang='lat' dir='ltr'>tuo,</span> <span class='ocrx_word' id='word_1_1137' title='bbox 440 5341 502 5406; x_wconf 87' lang='lat' dir='ltr'>quie</span> <span class='ocrx_word' id='word_1_1138' title='bbox 516 5354 572 5391; x_wconf 84' lang='lat' dir='ltr'>eon</span> <span class='ocrx_word' id='word_1_1139' title='bbox 593 5340 774 5392; x_wconf 75' lang='lat' dir='ltr'>iustissoebitur</span> <span class='ocrx_word' id='word_1_1140' title='bbox 794 5353 883 5392; x_wconf 87' lang='lat' dir='ltr'>ocrem</span> <span class='ocrx_word' id='word_1_1141' title='bbox 904 5346 933 5389; x_wconf 86' lang='lat' dir='ltr'>te</span> <span class='ocrx_word' id='word_1_1142' title='bbox 953 5338 1037 5391; x_wconf 75' lang='lat' dir='ltr'>onie</span> <span class='ocrx_word' id='word_1_1143' title='bbox 1058 5340 1158 5395; x_wconf 74' lang='lat' dir='ltr'>nium</span> <span class='ocrx_word' id='word_1_1144' title='bbox 1281 5340 1346 5391; x_wconf 90' lang='lat' dir='ltr'>bent</span> <span class='ocrx_word' id='word_1_1145' title='bbox 2058 5384 2061 5389; x_wconf 92' lang='lat'>.</span> 
     </span>
    </p>
   </div>
   <div class='ocr_carea' id='block_1_7' title="bbox 0 0 2398 6210">
    <p class='ocr_par' dir='ltr' id='par_1_14' title="bbox 0 0 2398 6210">
     <span class='ocr_line' id='line_1_72' title="bbox 0 0 2398 6210; baseline 0 0"><span class='ocrx_word' id='word_1_1146' title='bbox 0 0 2398 6210; x_wconf 95' lang='lat' dir='ltr'> </span> 
     </span>
    </p>
   </div>
  </div>
 </body>
</html>
