4786 6210
183 431 250 497 616
608 480 611 485 .
630 424 745 494 PlllL.
764 424 870 493 611116.
892 423 1081 490 settim
1100 421 1737 492 60661616166666606661.
2131 422 2201 489 616

184 628 352 686 mereatur
372 617 421 682 eis
448 614 679 680 remissionem
707 624 940 698 peccatorum,
968 611 1035 678 Sed
1053 607 1163 760 ί66616
1215 610 1571 763 sacriflciquematio
1593 611 1690 697 agni,
1711 621 1746 677 et
1774 608 1908 691 libatio,
1938 609 2062 679 oblatio
2077 614 2134 691 Π)
2153 613 2199 678 61·

185 715 264 790 6661
286 720 505 788 exponemus,
551 701 694 764 uomodo
717 712 749 763 et
766 698 953 763 ceremonia
964 699 1051 763 sacri
1077 698 1162 762 cium
1216 696 1323 763 milae.
1439 696 1583 762 habebat
1603 696 1751 780 picturae
1773 716 1835 763 sen
1856 700 1994 764 666666
2016 694 2198 764 6666616·

185 793 248 870 sit,
280 788 408 854 Verum
437 788 515 872 qnia
580 784 802 850 6166616666
835 785 990 848 omnibus
1021 779 1164 849 cultibus
1215 798 1374 850 turanum.
1418 784 1497 848 ldeo
1525 782 1653 847 16666
1682 802 1701 846 6
1745 779 1878 848 otacnlc
1900 781 2068 861 Christus,
2088 796 2125 848 et
2147 795 2203 851 to·.

184 876 265 943 noni
287 873 496 950 testamenti,
522 891 590 935 non
619 867 728 936 solum
756 872 799 935 66
825 889 932 934 66666
955 868 1088 933 Domini
1115 867 1165 932 lo·
1216 882 1271 936 tus
1294 868 1403 936 cultus
1426 869 1505 933 noui
1528 881 1692 934 testamen
1762 869 1899 956 ingitnr.
1932 868 2099 935 crematio
2120 869 2199 953 agni

186 963 310 1048 quitur,
332 960 411 1025 item
433 959 598 1042 quianon
621 956 848 1039 patrocinatur
861 955 1074 1019 Pharisaicae
1095 955 1165 1037 661·
1217 954 1384 1042 significat
1405 965 1543 1020 mortem
1565 953 1716 1029 Christi.⁴
1737 890 1868 1021 libatio
1889 955 2056 1042 significat
2072 955 2197 1040 ubique

186 1047 295 1124 61661,
328 1047 371 1110 66
404 1061 508 1128 opere
538 1054 694 1127 operato,
728 1043 803 1107 ideo
837 1039 917 1104 nihil
952 1053 1068 1104 contre
1100 1058 1165 1105 nos
1217 1043 1251 1105 in
1295 1053 1366 1107 toto
1401 1041 1524 1106 mundo
1565 1040 1741 1105 credentes
1784 1037 1875 1106 illius
1914 1060 1933 1107 6
1983 1043 1992 1105 1
2031 1041 2199 1128 sangnine

99 1138 103 1145 '
186 1131 286 1210 iacit,
315 1132 376 1195 sed
398 1130 505 1215 magis
527 1128 665 1192 adiuuat
693 1148 768 1191 nos.
814 1126 964 1211 Requirit
987 1124 1073 1190 enim
1096 1122 1165 1191 col·
1217 1130 1352 1214 aspergi
1364 1148 1425 1211 per
1435 1122 1612 1211 Euangcllj
1634 1127 1927 1275 qraedicationem,
1971 1139 2198 1205 66661666·

188 1231 243 1284 tua
266 1216 393 1286 cordis,
422 1234 482 1299 per
504 1233 590 1298 qnos
612 1233 693 1278 rere
717 1212 931 1297 61666666
955 1231 1074 1276 nomen
1096 1209 1165 1276 Do·
1219 1210 1622 1292 6666666616611161666
1660 1213 1802 1296 oquitur.
1839 1210 1875 1275 ln
1897 1212 2196 1278 sanctificationem

189 1304 277 1370 mini.
1218 1300 1369 1384 spiritus,
1390 1298 1424 1363 in
1446 1296 1686 1374 obedientiam,
1712 1310 1745 1362 et
1766 1297 1995 1382 aspersionem
2021 1297 2197 1386 sanguinis

274 1386 405 1452 (litatur
426 1405 469 1449 ex
492 1381 658 1448 Malachia
678 1396 713 1448 et
734 1380 819 1447 alius
841 1380 947 1449 locus.
979 1381 1023 1445 Et
1046 1401 1166 1466 66666-
1218 1383 1292 1449 lesu
1315 1383 1449 1449 Christi.
1494 1380 1628 1448 0616116
1651 1382 1793 1462 similae,
1815 1381 1981 1468 significat
2007 1383 2125 1462 66666,
2147 1384 2196 1449 16·

188 1468 1166 1553 6116666666ιὶ,61661661166666661666666166661
1217 1471 1441 1546 uocationem,
1464 1479 1498 1533 et
1517 1468 1697 1554 gratiarnm
1718 1470 1883 1534 actionem
1901 1469 2117 1535 incordibns.
2150 1466 2196 1532 Vt

188 1570 375 1645 argentum,
397 1568 432 1620 et
455 1565 551 1621 erunt
573 1553 718 1619 Domino
742 1553 920 1619 offerentes
943 1552 1110 1618 sacrificia
1132 1554 1165 1616 in
1217 1557 1317 1641 igitur
1344 1556 1378 1620 16
1406 1554 1511 1618 661661
1534 1563 1734 1620 1661666616
1760 1556 1877 1620 66666
1900 1556 2062 1627 cernitur,
2093 1556 2141 1620 ita
2161 1554 2195 1619 in

122 1708 126 1713 .
188 1645 330 1710 iusticia.
374 1641 437 1707 Hic
459 1641 557 1706 locus
579 1652 694 1726 666616
716 1641 854 1725 requirit
875 1638 1041 1703 sacrificia
1065 1639 1165 1703 iusto·
1218 1662 1308 1706 nouo
1330 1661 1388 1706 res
1411 1639 1602 1729 significata
1624 1640 1814 1725 quaerenda
1832 1651 1897 1719 est,
1918 1637 2197 1727 nonalittstypus

188 1751 273 1809 rum,
295 1747 399 1814 quare
420 1747 487 1791 666
510 1727 1165 1810 661666166166661616616666666666·
1218 1738 1375 1811 tanquam
1397 1727 1442 1790 66
1462 1725 1660 1790 6666166166
1689 1722 1881 1804 sufficiens,
1914 1724 2025 1799 Quare
2046 1725 2197 1793 etiamsi

189 1827 276 1882 6616.
311 1815 395 1880 Sunt
416 1823 525 1878 antem
548 1810 715 1876 sacrificia
739 1808 880 1876 liliorum
896 1810 990 1883 Leni,
1011 1809 1078 1874 hoc
1101 1820 1166 1887 est,
1218 1813 1407 1877 ceremonia
1430 1823 1483 1875 est
1504 1809 1696 1877 memoriale
1712 1812 1829 1876 mortis
1841 1810 1977 1892 Christi,
2000 1809 2197 1877 tamen-sola

191 1901 380 1967 docentium
407 1899 440 1962 in
461 1917 550 1963 nono
572 1907 792 1968 testamento,
823 1896 1024 1982 praedicatio
1056 1892 1164 1959 Euan·
1217 1918 1285 1962 non
1308 1895 1694 1983 661166666661661666,
1716 1897 1777 1962 sed
1794 1898 2037 1982 ipsamemcria
2047 1908 2101 1964 est
2116 1898 2197 1983 inge

191 1983 287 2074 gelij,
309 1995 343 2050 et
364 1985 442 2049 boni
469 1984 598 2049 fructos
626 1983 900 2067 praedicationis,
931 1983 1019 2047 sicut
1041 1977 1165 2045 Paulus
1218 1983 1436 2061 sacrificium,
1467 1980 1629 2060 666661,
1661 1983 1881 2067 praedicatio,
1914 1983 2077 2062 616666,
2108 2002 2197 2069 qnae

191 2074 256 2149 ait,
279 2069 395 2136 Roma.
417 2091 472 2134 xv.
517 2068 680 2134 Sacrifico
701 2067 795 2132 Euan
823 2066 921 2134 elium
943 2066 1026 2148 Dei,
1047 2077 1084 2131 vt
1105 2067 1165 2130 ob·
1217 2089 1298 2135 vere
1320 2069 1426 2134 eredit
1446 2065 1554 2133 Deum
1576 2079 1683 2132 morte
1696 2066 1820 2133 Christi
1841 2065 2089 2135 reconciliabun
2106 2088 2197 2134 6666.

189 2156 270 2222 1666
283 2156 429 2243 gentium
446 2154 504 2220 661
513 2168 664 2239 6666616,
685 2089 893 2219 6666666616
903 2154 1020 2237 spiritu
1033 2164 1163 2223 sancto,
1217 2155 1406 2241 Requiritnr
1427 2150 1559 2233 libatio,
1582 2153 1648 2219 666
1671 2164 1737 2232 est,
1766 2152 1905 2220 6666166
1950 2155 2228 2233 medicationis,-

189 2244 315 2321 idest,
357 2252 395 2306 vt
415 2253 534 2324 gentes
557 2239 638 2305 6661
654 2238 797 2318 hostiae,
829 2252 987 2324 acceptae
1009 2237 1082 2303 Deo
1106 2258 1165 2321 per
1218 2253 1254 2305 vt
1277 2261 1336 2325 per
1345 2235 1565 2324 Euangelinm
1587 2241 1719 2325 aspersi
1737 2242 1902 2325 sangnine
1914 2177 2050 2319 6661611,
2071 2240 2197 2305 666611·

191 2328 290 2395 tidem
312 2338 376 2391 etc.
411 2327 496 2391 Nam
519 2324 578 2390 illa
599 2324 970 2412 66616116161666,61
1019 2323 1164 2399 ilicabat,
1218 2326 1373 2403 licemnr,
1400 2324 1605 2404 mortificati,
1632 2344 1673 2389 66
1702 2323 1873 2393 61616666.
1916 2325 2142 2413 Requimntnr
2163 2336 2199 2391 et

191 2427 226 2480 et
251 2424 391 2478 mortem
419 2411 562 2489 Christi,
594 2424 627 2476 61
659 2410 941 2493 praedicationem
1006 2406 1166 2494 nangelij,
1219 2410 1425 2486 oblationes,
1448 2409 1516 2476 hcc
1537 2422 1602 2488 est,
1624 2410 1802 2495 gratiarum
1824 2413 1988 2493 actiones,
2009 2407 2197 2478 consessio·

191 2519 258 2585 qua
280 2496 367 2562 6666
389 2508 587 2563 6616616166
610 2498 720 2560 carnis
749 2496 942 2561 mortificari
963 2505 1110 2580 6666161,
1133 2505 1167 2558 et
1218 2518 1280 2564 nes
1304 2509 1336 2562 et
1358 2493 1569 2562 afflictiones.
1604 2496 1663 2561 Sic
1683 2497 1816 2562 abiecta
1836 2496 2031 2563 Pharisaica
2042 2497 2200 2582 opinione

191 2582 343 2650 inchoari
365 2602 505 2661 nouam,
535 2593 569 2647 et
589 2593 757 2647 aeternam
779 2583 879 2647 vitam
901 2584 935 2645 in
956 2581 1074 2659 nobis,
1098 2579 1166 2644 Sed
1219 2585 1261 2650 de
1291 2602 1394 2668 opere
1430 2594 1570 2666 operato
1601 2577 1704 2646 intelli
1730 2602 1825 2646 antus
1858 2583 1887 2647 si
1935 2581 2039 2650 ideari
2072 2581 2198 2650 cnltnm

190 2667 377 2753 aduersarij
406 2669 529 2752 vbique
558 2666 716 2752 sacrificij
750 2687 870 2732 nomen
898 2669 942 2732 ad
975 2663 1083 2733 solam
1113 2685 1166 2729 ce·
1219 2666 1436 2753 spiritualem,
1459 2681 1494 2732 61
1515 2669 1593 2754 1666
1609 2602 1809 2733 6666166166
1823 2687 1882 2734 cor
1905 2669 1947 2747 16,
1968 2668 2046 2754 qnia
2061 2669 2199 2735 innono

191 2755 372 2821 66666166
405 2754 621 2839 detorquent,
665 2752 945 2837 praedicationem
977 2748 1167 2839 Euangellj,
1219 2750 2100 2904 1666666166666666666666,666661,66161166
2117 2774 2198 2819 san·

191 2841 300 2921 66666,
322 2840 575 2911 16666666666,
599 2835 959 2917 6161616666111661,
981 2860 1058 2904 cnm
1075 2857 1167 2903 cere·
1220 2852 1308 2919 ctus,
1328 2838 1539 2905 mortificatio
1562 2848 1596 2904 et
1618 2838 1809 2917 viuilicatio,
1831 2839 1955 2924 requiri
2000 2842 2110 2905 ebent.
2142 2838 2201 2905 Ex

190 2927 300 2994 monia
321 2936 459 3010 propter
481 2924 567 2989 haec
589 2925 739 3027 instituta
761 2926 813 3028 sit.
858 2923 902 2989 Et
922 2945 1045 3028 nouum
1066 2933 1167 2989 testa·
1218 2927 1271 2992 his
1294 2926 1378 2990 satis
1401 2935 1541 3073 apqaret
1561 2937 1676 3011 typum
1698 2925 1741 2990 de
1766 2924 1903 3027 166118)
1925 2924 2091 3031 sacrificio
2117 2922 2202 2991 nihil

190 3023 338 3079 mentum
359 3011 479 3076 debeat
500 3010 627 3076 habere
649 3009 818 3075 66666666
840 3011 965 3088 corda,
987 3030 1054 3075 666
1076 3029 1167 3075 6666
1221 3022 1339 3079 666166
1360 3029 1425 3076 666
1461 3030 1573 3090 acere,
1595 3010 1657 3075 666
1687 3029 1878 3112 66666666
1900 3013 2112 3097 6666666166
2132 3031 2201 3076 nos

86 3102 96 3115 '
189 3094 345 3163 66616116
366 3116 429 3179 666
451 3097 600 3180 peccetis
628 3091 802 3176 facienda,
836 3116 929 3161 more
949 3095 1091 3162 Leuitici
1113 3114 1167 3160 sa·
1220 3115 1336 3162 omnes
1358 3107 1472 3182 partes
1494 3094 1701 3181 significatas
1721 3096 1791 3181 1666
1813 3096 1979 3162 sacrificio
1990 3097 2200 3183 requirimus.

191 3181 353 3249 cerdocr'.
1218 3181 1415 3267 Adueraarij
1439 3178 1528 3246 16166
1550 3181 1716 3246 66661661
1737 3176 1845 3247 solem
1855 3185 2075 3248 ceremoniam
2094 3182 2201 3269 signi·

277 3201 438 3352 Allegant
459 3277 492 3330 et
507 3267 585 3351 inge
601 3265 812 3346 6666166166,
833 3266 1024 3417 qnodsicut
1038 3267 1072 3330 in
1089 3264 1168 3352 lege
1220 3268 1329 3348 66661,
1357 3289 1425 3334 666
1449 3267 1549 3333 61166
1594 3267 1850 3334 6666166116666
1871 3266 2060 3355 Euangelij,
2084 3268 2208 3335 666611·Ι

190 3349 252 3418 1611
279 3353 358 3439 1666
385 3349 602 3430 6666166166,
631 3352 805 3416 1161111666
856 3355 955 3419 ebeat
986 3370 1063 3417 esse
1090 3352 1168 3437 inge
1219 3353 1409 3420 ficationem
1431 3364 1466 3418 et
1488 3353 1552 3418 6161
1580 3353 1744 3419 cntionem
1766 3355 1879 3420 666616
1899 3365 1964 3419 616.

192 3434 394 3504 sacrificium
414 3437 494 3502 noni
517 3439 716 3502 testamenti.
752 3437 844 3501 Bene
868 3458 942 3503 enm
963 3440 1067 3503 adner
1107 3439 1169 3518 rije
1305 3439 1404 3506 Nunc
1426 3440 1527 3525 igitur
1548 3440 1712 3505 66616161
1740 3434 1840 3504 166116
1860 3438 2008 3506 iudicare
2028 3450 2203 3525 poterent,

191 3525 320 3610 agitur,
353 3524 383 3587 si
416 3524 560 3608 patimur
586 3542 649 3587 nos
679 3523 767 3587 61661
797 3521 863 3588 6116
889 3523 981 3608 orijs
1026 3519 1169 3588 Gestat
1219 3522 1435 3591 falsissimam
1466 3525 1553 3589 6666
1582 3523 1841 3591 criminationem
1863 3545 1961 3603 esse,
1996 3525 2086 3611 quod
2119 3527 2204 3612 inge

192 3624 302 3676 antem
321 3609 411 3694 qnod
429 3607 612 3694 allegoriae
629 3629 696 3672 666
716 3610 848 3693 6661661
865 3545 982 3673 66666
999 3609 1169 3693 probatio·
1220 3609 1419 3676 sacrificinm
1450 3608 1657 3675 aboleamus.
1701 3607 1771 3675 Res
1798 3611 1942 3677 ostendit
1964 3613 2019 3715 qni
2040 3612 2109 3676 sint
2130 3612 2200 3675 dn·

191 3714 264 3761 nes.
302 3694 497 3783 Quanquam
509 3714 573 3758 nos
586 3694 717 3779 quidem
740 3691 841 3758 facile
861 3696 1004 3780 patimur
1015 3695 1167 3774 Missam,
1220 3694 1323 3762 tiochi
1345 3692 1405 3772 illi,
1429 3696 1485 3779 qui
1507 3714 1647 3782 regnum
1669 3706 1785 3761 tenent
1804 3696 1838 3761 in
1850 3695 2016 3774 Ecclesia,
2034 3697 2091 3781 qni
2101 3715 2200 3799 prae·

192 3777 330 3865 intelligi
351 3781 430 3867 iuge
452 3779 675 3856 6666166166,
702 3782 801 3846 6666
826 3791 862 3845 61
889 3791 960 3845 1616
988 3780 1096 3846 611666
1122 3781 1169 3844 in·
1220 3793 1313 3848 textu
1347 3777 1519 3867 religionis
1545 3779 1680 3846 trabunt
1706 3782 1749 3847 66
1776 3801 1816 3847 66
1837 3803 1873 3846 re
1900 3802 1977 3847 num
1999 3781 2132 3863 mnndi,
2164 3791 2203 3847 61

192 3864 380 3952 telligatur,
407 3866 475 3931 hoc
508 3877 575 3944 est,
608 3866 796 3930 ceremonia
825 3885 901 3932 cum
922 3868 1170 3950 praedicatione
1221 3869 1353 3933 abiecta
1374 3886 1456 3931 cara
1476 3865 1649 3951 religionis
1670 3877 1703 3931 et
1724 3867 1865 3932 docendi
1914 3863 2072 3953 nangelij,
2093 3867 2201 3934 domi·

192 3950 287 4017 Euan
315 3947 388 4036 elij,
411 3951 494 4029 666,
517 3951 743 4029 1666666666,
766 3966 800 4016 61
822 3951 1000 4038 gratiarum
1026 3952 1168 4016 actione.
1221 3963 1355 4031 nactur,
1377 3950 1619 4036 belligerantur
1628 3948 1721 4017 velut
1741 3972 1842 4039 reges
1865 3954 1988 4031 mundi,
2010 3954 2066 4038 qui
2086 3970 2201 4019 nonos

192 4037 280 4105 Nam
347 4058 387 4101 66
408 4034 505 4102 simul
529 4037 724 4115 coniuncta,
758 4039 939 4122 66611666
968 4035 1170 4101 sacrificinm
1222 4036 1330 4104 cultus
1353 4037 1565 4103 instituerunt
1585 4038 1619 4102 in
1640 4035 1805 4102 Ecclesia.
1851 4038 1935 4103 Nam
1957 4039 2141 4125 aduersarij
2164 4039 2201 4103 in

193 4124 272 4190 noui
294 4124 494 4201 testamenti,
516 4123 593 4270 quia
615 4123 804 4186 ceremonia
820 4134 957 4270 6666166
974 4122 1060 4187 6666
1076 4120 1169 4186 insti·
1220 4123 1328 4189 Missa
1350 4121 1460 4188 solam
1486 4124 1630 4188 retinent
1652 4123 1892 4203 ceremoniam,
1925 4144 2063 4209 eamque
2084 4121 2202 4190 66616·

193 4210 501 4288 1616661,66666
548 4204 864 4285 16616666666661,
901 4209 964 4272 666
975 4203 1102 4274 Ρ66166
1113 4207 1169 4272 611.
1221 4220 1297 4276 runt
1343 4205 1453 4274 ublice
1475 4210 1520 4274 66
1541 4200 1743 4295 sacrilegum
1761 4220 1945 4294 quaestum.
1991 4209 2118 4275 Postea
2139 4208 2202 4275 fin·

194 4293 333 4368 Quoties
354 4293 536 4359 comedetis
558 4313 678 4378 panem
699 4293 801 4371 hunc,
824 4306 856 4358 61
868 4290 1024 4378 poculum
1035 4290 1170 4359 Domini
1222 4308 1305 4382 6661
1320 4232 1394 4357 hoc
1417 4314 1501 4376 opus
1524 4290 1724 4378 applicatum
1739 4316 1802 4380 pro
1820 4292 1910 4380 alijs,
1930 4296 2112 4360 mererieis
2123 4314 2203 4380 gra·

192 4381 332 4457 bibetis,
365 4380 564 4443 annunciate
596 4392 735 4444 mortem
767 4379 911 4444 Domini.
973 4374 1058 4443 11166
1088 4400 1170 4444 vero
1221 4385 1301 4446 tiam
1323 4390 1357 4442 et
1379 4379 1490 4444 omnia
1517 4381 1624 4457 bona,
1658 4379 1695 4443 ln
1728 4381 1948 4448 concionibus
1980 4401 2049 4446 non
2077 4381 2203 4448 docent

192 4463 413 4531 nullomodo
440 4464 591 4550 sequitur
614 4485 657 4528 ex
681 4463 748 4529 hoe
775 4475 855 4550 typo
877 4464 1046 4541 Leuitico,
1080 4463 1171 4548 quod
1222 4461 1456 4551 Euangelinm,
1496 4485 1563 4531 non
1601 4463 1820 4533 consolantur
1857 4466 2097 4544 conscientias,
2132 4485 2205 4532 non

194 4552 383 4615 ceremonia
416 4551 460 4616 611
492 4570 576 4635 opus
610 4570 653 4615 ex
681 4570 783 4634 opere
812 4563 951 4635 operato
976 4547 1171 4627 iustificans,
1223 4552 1405 4617 ostendunt
1425 4551 1530 4637 gratis
1552 4552 1671 4616 remitti
1694 4563 1833 4636 peccata
1855 4564 1991 4637 propter
2015 4549 2206 4632 Christum,

193 4647 254 4701 ant
274 4632 507 4720 applicandum
526 4657 588 4721 pro
611 4634 705 4717 alijs,
737 4646 774 4700 vt
800 4647 966 4702 mereatur
988 4634 1036 4699 eis
1057 4636 1172 4702 remis·
1223 4638 1284 4703 sed
1307 4646 1497 4721 proponunt
1514 4633 1624 4702 cultus
1646 4649 1852 4716 sanctornm,
1873 4633 2123 4705 satisfactiones
2141 4639 2205 4704 hn-

194 4721 321 4786 sionem
343 4733 559 4806 peccatorum
582 4734 647 4786 etc.
996 4790 1008 4797 ,,
1223 4740 1353 4802 66666,
1375 4721 1570 4787 traditiones
1591 4719 1766 4803 humanas,
1789 4742 1849 4808 per
1870 4722 1933 4787 has
1955 4720 2124 4789 affirmant
2141 4720 2205 4790 66·

280 4804 444 4891 Ettypus
473 4819 549 4891 apte
576 4807 682 4894 pingit
711 4825 779 4872 non
804 4805 1028 4871 ceremoniam
1050 4803 1171 4885 solam,
1223 4811 1330 4873 mines
1361 4827 1474 4872 coram
1501 4805 1577 4873 Deo
1603 4806 1788 4874 iustificari.
1832 4807 1874 4873 Et
1892 4809 2009 4874 harum
2038 4808 2206 4894 quaedam

193 4893 257 4957 sed
290 4892 387 4956 etiam
427 4893 705 4977 praedicationem
735 4889 921 4978 Euangelij.
986 4892 1022 4956 ln
1055 4891 1171 4957 Nutne.
1225 4912 1300 4957 cum
1328 4893 1395 4958 sint
1417 4891 1593 4959 manifeste
1613 4893 1748 4978 impiae,
1780 4905 1890 4958 tamen
1912 4896 1945 4960 61
1967 4891 2203 4961 defenduntur.

195 4975 279 5064 Cap.
291 4977 470 5063 xxviij.⁷⁶)
492 4991 561 5043 tres
583 4990 749 5062 ponuntur
759 4990 873 5062 partes
891 4974 981 5042 illius
991 4977 1173 5064 quotidiani
1224 4977 1319 5062 Siqui
1358 4979 1615 5045 concionatores
1655 4976 1771 5044 volunt
1809 4978 1975 5062 perhiberi
2016 4980 2208 5060 doctiores,

195 5267 242 5336 pp)
260 5268 353 5320 Num„
385 5267 450 5337 039,
481 5264 589 5334 mfflq
621 5267 672 5317 gd,
701 5266 738 5317 3,,
770 5264 893 5317 numm,
919 5265 1013 5333 039qu
1046 5267 1172 5331 ,iguino
1225 5251 1272 5318 ii)
1291 5260 1318 5302 et
1334 5250 1440 5314 libatio,
1459 5253 1570 5318 oblatio]
1586 5253 1669 5307 Edita.
1689 5255 1781 5304 1-4.ε
1800 5253 1901 5316 libatio,
1919 5261 1946 5303 et
1963 5254 2062 5305 6616116

264 5344 369 5402 octeno,
845 5374 847 5379 ·
1225 5336 1356 5406 1111661]
1374 5337 1427 5390 lte
1444 5337 1485 5390 &a
1502 5341 1564 5404 iuge
1632 5358 1636 5363 ·
1694 5334 1699 5357 ³
