4756 6194
143 460 146 465 -
176 408 245 477 eth
518 408 561 477 ll.
604 407 840 479 evomuit
865 407 1186 481 (inmotis
1207 405 1529 479 induerem.
1564 407 1612 481 it.
1654 405 1847 479 nitens
2130 410 2199 482 tto

179 615 239 653 rum
261 601 388 652 ednsusus
411 601 478 652 hseo
501 614 606 667 quoque
628 606 735 666 oportet
754 600 932 653 christitutm
954 607 1066 654 mentem
1088 615 1162 667 prte-
1212 601 1247 654 sd
1263 600 1455 654 hionsohorum
1471 601 1689 667 super-otidum,
1706 613 1774 667 quoe
1789 599 1897 652 inerim
1912 599 2045 664 intrim,
2068 612 2195 669 quoutuu

176 671 306 725 munitum
323 683 391 733 esse,
408 684 442 720 ue
459 678 568 736 propter
585 682 617 720 ee
634 668 742 720 uerbum
758 667 811 721 Del
827 668 941 736 ubijoist
1211 670 1249 722 ibi
1266 677 1307 720 est
1326 671 1532 736 poruieiosurum
1555 669 1748 721 offensionum?
1769 669 1854 734 quuils
1878 668 1929 722 luit
1950 671 2093 736 sppiioutio
2116 675 2194 727 merl·

247 737 403 804 Quinquum
419 746 507 790 sutem
523 752 579 789 nou
596 738 710 789 delectat
725 751 774 788 uos
795 739 971 804 eompnrotio,
991 745 1078 790 tomen
1100 739 1163 805 quis
1211 745 1313 803 torum,
1335 740 1360 791 sl
1377 739 1499 791 oudsueri
1515 739 1720 791 eimunduetur
1743 738 1877 789 ououllusl
1901 745 1951 789 eto.
1988 736 2072 791 Porro
2093 741 2196 796 nihilne

178 807 324 875 aduersorij
342 808 393 861 huo
410 809 591 861 criminatione
609 813 786 873 prueqrousut
802 821 864 868 uos,
886 821 942 858 uon
963 814 1026 859 suut
1043 808 1162 859 dissimu-
1211 807 1331 859 wnudtli
1348 814 1397 872 est,
1414 809 1485 874 quod
1501 807 1554 860 hoe
1570 815 1688 875 tempore
1710 806 1874 858 meniiestnm
1897 807 2034 858 ueritoteiu
2055 808 2193 879 llusuqelij

177 878 256 929 leudo
274 877 390 943 ipsorum
407 878 487 929 uioiu.
524 876 657 940 Qusutum
673 876 737 926 moli
748 882 789 927 est
804 875 874 942 opud
891 876 1058 928 sdoersnrios
1075 877 1104 927 in
1120 891 1161 928 so·
1212 878 1360 944 opprimere
1378 878 1525 929 conentur?
1542 877 1614 942 quod
1635 876 1776 928 crudeliter
1799 878 1924 928 oeoiduut
1946 876 2032 928 bonos
2054 879 2127 930 uiros
2149 883 2196 948 pie

178 944 496 1012 erilequpropbuuutione
507 946 667 997 ldissorumi
684 952 809 1010 quantum
819 945 987 1011 turpitudinis
1004 946 1084 998 bobet
1100 959 1161 998 eoe-
1211 946 1346 1010 dooentos‚
1364 947 1436 1012 quod
1453 944 1593 1013 prohibent
1608 960 1642 996 ue
1658 944 1736 995 robus
1754 947 1867 1011 ooguitis
1884 952 2009 998 sonentur
2030 947 2194 1014 embiqeutss

175 1016 273 1067 libutus
299 1016 409 1065 eorum?
449 1013 541 1065 Cultus
564 1021 714 1066 suetorum
734 1014 827 1080 plenus
850 1014 920 1080 epud
948 1029 994 1066 eos
1017 1021 1059 1066 est
1079 1016 1161 1066 usni-
1211 1015 1396 1079 sementino,
1412 1015 1484 1081 quod
1500 1013 1588 1081 Reges
1604 1015 1742 1066 hortantur
1760 1015 1795 1066 sd
1812 1014 2107 1068 emdeielstrooiuium.
2135 1018 2194 1072 Sei·

176 1084 244 1136 leste
259 1084 424 1135 idololotriu.
459 1082 533 1135 Nihil
549 1097 583 1133 ue
600 1082 717 1135 soeudsli
734 1090 775 1134 est
789 1083 818 1133 ln
834 1083 980 1135 embitioue
996 1083 1160 1148 Pontidoum,
1210 1085 1273 1135 lieet
1289 1083 1355 1136 bseo
1372 1098 1428 1134 uon
1444 1091 1505 1136 sunt
1517 1084 1644 1137 sosndslu
1660 1083 1817 1148 ludiosude,
1838 1083 1886 1135 sed
1901 1097 1977 1135 mers
1991 1079 2194 1155 mopho'pm

176 1154 221 1221 qui
245 1154 299 1205 ium
321 1153 398 1204 suuis
426 1153 537 1218 emplius
559 1152 757 1217 qudringentis
774 1152 961 1216 behiqersntur
984 1167 1044 1205 oum
1064 1156 1160 1204 uostris
1210 1151 1360 1205 Pontilloin
1395 1151 1488 1218 lisque
1504 1166 1570 1204 nero
1586 1154 1653 1204 libet
1669 1151 1745 1204 nobis
1762 1150 1807 1203 bio
1830 1154 1971 1219 quidquem
1992 1167 2043 1218 pro
2063 1158 2193 1220 moguitu-

175 1221 397 1288 impetitoribus,
425 1221 538 1275 Pluerun
557 1235 590 1271 ue
616 1222 644 1272 iu
666 1220 762 1284 Itniis,
787 1222 919 1273 interdum
945 1223 1023 1272 etium
1050 1224 1080 1273 in
1103 1224 1162 1288 ipso
1211 1222 1273 1273 diue
1289 1234 1377 1273 rerum
1395 1234 1573 1287 maerore,
1590 1235 1625 1272 ue
1642 1221 1700 1288 quis
1717 1220 1843 1273 deleotori
1864 1235 1914 1272 nos
1930 1223 1984 1272 istu
2006 1236 2193 1277 commemore-

176 1291 330 1355 Gosmsnie,
346 1291 391 1342 ubi
408 1291 480 1341 iuter
496 1305 525 1340 se
539 1238 625 1342 iilum
642 1296 670 1340 et
686 1289 799 1354 Putrem,
816 1296 946 1355 eoqnutos
963 1306 995 1342 uo
1009 1293 1161 1343 oiueseom·
1211 1293 1282 1342 tione
1316 1297 1381 1352 utet,
1400 1306 1476 1356 quum
1493 1297 1661 1342 extorserunt
1678 1290 1755 1341 uobis
1771 1291 1862 1342 inuitis
1880 1290 2020 1355 scriptores
2034 1293 2194 1345 eoulutseio·

176 1363 312 1413 miserunt.
348 1358 428 1422 Quod
445 1362 468 1410 si
485 1359 616 1411 bellorum
640 1361 747 1411 istorum
765 1373 860 1411 eume
876 1360 1042 1425 requiruntur
1065 1374 1099 1410 ex
1121 1359 1161 1411 bi·
1211 1360 1261 1410 uls.
1314 1374 1357 1410 sm
1374 1358 1440 1411 bueo
1457 1373 1538 1412 oense
1553 1374 1608 1411 non
1625 1374 1659 1410 ex
1677 1358 1812 1410 bominum
1822 1360 1950 1422 muribus,
1967 1366 2013 1410 eut
2030 1374 2064 1411 ex
2080 1361 2194 1426 lustuns,

176 1431 278 1497 storijs,
295 1428 364 1479 nibil
382 1428 531 1479 inuenietur
548 1429 656 1494 dignum
670 1427 858 1492 Pontideibus,
875 1428 990 1480 dicemus
1012 1429 1082 1479 enim
1105 1443 1161 1480 mo·
1211 1429 1259 1479 sed
1279 1442 1313 1478 ex
1334 1428 1416 1480 uerbo
1438 1426 1491 1481 Dei
1512 1429 1626 1480 iudioorl
1649 1429 1741 1490 debet,
1770 1429 1843 1495 quod
1864 1429 1964 1479 utiutm
1988 1428 2143 1482 adhiberent
2167 1434 2196 1484 iu

178 1498 352 1550 deretissime.
387 1496 520 1560 Quintum
538 1505 577 1547 eet
594 1497 670 1562 moli,
693 1499 766 1562 quod
788 1500 817 1550 in
839 1499 995 1549 ordiunudis
1017 1499 1162 1550 ssoerdoti·
1211 1497 1350 1549 oonsilium
1368 1512 1474 1562 omnes,
1496 1500 1542 1563 qui
1560 1499 1593 1549 de
1610 1497 1652 1550 bis
1669 1498 1856 1564 ooutrouersijs
1878 1498 2064 1564 prouuneisnt.
2098 1498 2197 1552 lterum

176 1567 227 1618 bus
244 1582 298 1618 uon
315 1567 435 1631 deligunt
451 1567 579 1618 idoneor?
597 1566 660 1633 quid
676 1568 706 1618 in
722 1574 839 1618 merom
847 1568 1071 1618 noerdotiorum?
1095 1567 1162 1618 Item
1211 1574 1299 1618 sutem
1315 1566 1359 1616 bio
1377 1566 1516 1617 dioeudum
1533 1574 1581 1631 est,
1599 1567 1671 1631 quod
1688 1580 1766 1632 ssepe
1783 1566 1838 1616 ium
1856 1566 1977 1618 diximus.
2005 1565 2063 1618 lios
2079 1570 2194 1620 mulne

176 1636 205 1687 iu
221 1635 376 1702 periculosis
393 1636 632 1703 dispensttiouibus
657 1634 759 1688 nihilne
780 1644 823 1687 esi
843 1637 924 1703 uioiji
962 1634 1018 1689 Sed
1039 1635 1106 1687 bueo
1121 1636 1161 1686 ul·
1212 1636 1300 1703 eupidi
1317 1650 1404 1685 snmus
1420 1635 1541 1702 pnbiiose
1558 1635 1725 1697 oonoordise,
1741 1636 1875 1701 psoisque,
1892 1650 1968 1702 quum
1986 1643 2057 1686 oerte
2071 1634 2196 1690 Christia-

176 1707 220 1757 ols
248 1712 380 1771 uteunque
399 1705 553 1773 ‚oondousri
581 1712 703 1770 possum,
732 1706 755 1757 si
779 1711 866 1757 temen
890 1712 1093 1757 oouserunsseut
1114 1721 1162 1771 pu·
1211 1719 1261 1756 nos
1286 1705 1400 1756 muime
1428 1705 1498 1755 inter
1522 1718 1551 1754 se
1573 1705 1660 1755 ooiere
1687 1704 1769 1755 decet.
1803 1702 1909 1755 Deinde
1930 1705 2007 1756 inuiti
2029 1704 2195 1759 dimeutimos

175 1788 234 1825 rom
255 1775 401 1826 doetriusm
424 1774 453 1825 iu
472 1773 609 1840 lioelesijs.
644 1773 719 1825 lisso
741 1787 805 1827 uero
827 1774 960 1838 quomodo
984 1775 1161 1825 oontuminsts
1213 1775 1246 1824 ub
1262 1775 1362 1839 optimo
1378 1771 1548 1839 Imperatore,
1567 1788 1644 1840 quem
1661 1787 1716 1824 uon
1730 1773 1816 1823 solum
1824 1772 2046 1841 propterImperij
2055 1772 2197 1841 fastigium,

176 1843 212 1895 sit
232 1843 319 1911 impijs
342 1842 511 1909 opinionibus
533 1858 565 1894 so
586 1841 788 1908 eruditionibus,
811 1850 937 1895 testoutur
959 1841 1161 1898 Genouistnrum
1211 1842 1260 1894 sed
1289 1844 1368 1893 etium
1393 1849 1501 1908 propter
1525 1842 1636 1895 uirtutes
1664 1855 1728 1892 uere
1751 1840 1886 1905 heroicus,
1909 1843 2003 1909 quibus
2026 1846 2197 1909 eoquouimus

176 1914 287 1977 sulpio,
310 1918 437 1964 testentur
459 1912 521 1963 libri
543 1910 753 1977 Theoloqorum,
773 1913 845 1979 pleni
869 1912 1078 1979 disputeoionum
1099 1926 1161 1978 pro·
1212 1925 1272 1962 eum
1295 1911 1442 1976 pnedioun
1466 1925 1525 1961 esse
1546 1925 1715 1973 ueneremur,
1739 1911 1787 1961 sed
1811 1911 1956 1979 sdumerij
1981 1925 2035 1961 non
2057 1916 2197 1978 potiuntur

176 1979 337 2047 phanaum,
360 1995 427 2046 quae
444 1981 539 2047 purtim
555 1987 617 2032 suut
633 1981 738 2032 inutiles
754 1982 790 2033 sd
805 1983 942 2048 pietotem,
966 1983 1061 2047 purtim
1082 1983 1161 2033 etism
1212 1981 1286 2031 ouius
1303 1980 1473 2031 eouoordium
1488 1981 1542 2031 uisi
1558 1979 1609 2031 boe
1625 1981 1694 2044 iege,
1711 1986 1741 2029 ut
1757 1993 1808 2030 nos
1825 1980 1998 2031 mentimur
2016 1981 2194 2035 condemnen-

177 2049 308 2101 dissidsut
324 2049 358 2101 eb
375 2048 533 2113 iiuunqelio
558 2047 666 2100 Deinde
682 2051 712 2101 in
728 2051 946 2117 iuterpretuoioue
958 2050 1103 2117 seripturue
1119 2051 1160 2100 iu·
1211 2048 1282 2101 tibus
1299 2047 1466 2101 mnuiiestsm
1483 2049 1623 2101 ueritstem
1639 2047 1790 2114 liusuqeiij,
1808 2055 1836 2099 et
1850 2048 1988 2100 iioeiesise
2011 2054 2195 2105 ueoesssrism.

179 2117 246 2171 dunt
262 2126 289 2168 et
305 2120 535 2171 eomminisouutur
551 2119 678 2185 quidquid
694 2120 767 2171 libet.
1211 2118 1244 2169 Id
1260 2118 1348 2169 itoere
1364 2132 1418 2169 uon
1435 2132 1581 2184 possumus.
1606 2115 1717 2184 Oportet
1733 2118 1804 2168 enirn
1815 2116 1875 2168 Deo
1892 2119 1976 2182 mugio
1987 2117 2105 2184 obedire,
2120 2135 2197 2186 qutm

246 2188 320 2239 Hsee
331 2189 465 2241 doetriuse
478 2186 1034 2254 conlusioprssoipuumestsosuduimst
1046 2189 1160 2241 muime
1210 2187 1371 2241 hominibus.
1406 2185 1495 2249 Quere
1511 2187 1656 2254 eduensrij
1673 2188 1803 2239 sotionem
1819 2184 1974 2239 Sehbusds
1991 2187 2119 2240 reddituri
2136 2196 2198 2239 suut

243 2256 368 2320 idiosum,
386 2256 419 2307 de
437 2272 488 2322 quo
505 2259 645 2323 prteeipne
668 2257 824 2326 queriture)
847 2257 979 2309 iohsnnes
1001 2260 1029 2309 in
1055 2257 1160 2324 Apoou·
1210 2255 1280 2319 Deo,
1298 2259 1342 2322 qui
1358 2257 1491 2308 lleeiedns
1513 2270 1585 2307 nous
1606 2262 1634 2307 et
1659 2255 1785 2306 inusitato
1806 2256 1906 2308 senieis
1929 2256 2068 2322 dissipent.
2103 2257 2197 2323 Neque

176 2270 261 2391 mi,
279 2340 338 2377 euro
356 2326 479 2378 desoribit
493 2325 660 2378 Pontidoium
677 2340 795 2392 mgnum.
831 2324 903 2388 Quid
921 2341 980 2379 oum
995 2332 1102 2379 uentum
1120 2333 1161 2378 est
1212 2325 1318 2377 dubium
1342 2333 1397 2390 est,
1422 2326 1486 2393 quin
1511 2324 1578 2376 hsee
1600 2325 1701 2377 seuiols
1723 2324 1899 2377 mutsoiouem
1915 2326 2029 2390 eliquum
2053 2327 2130 2377 rebus
2148 2342 2197 2392 pu·

1211 2393 1286 2445 blicis
1309 2394 1421 2448 siletur·
1444 2395 1489 2445 sit.
1527 2394 1602 2444 iioeo
1623 2408 1672 2460 pro
1695 2400 1813 2460 tempore
1834 2395 2018 2460 respondimus
2047 2396 2083 2447 od
2104 2394 2196 2447 toniu-

1211 2464 1353 2527 toeionem,
1369 2480 1401 2516 so
1416 2463 1541 2515 iudioium
1557 2464 1608 2529 piis
1627 2462 1747 2515 omnibus
1764 2464 1952 2529 permittimus,
1968 2470 2030 2515 ntro
2045 2479 2107 2530 pers
2123 2473 2196 2517 reots

1210 2533 1315 2583 sentiut.
1350 2532 1387 2583 lit
1403 2532 1537 2584 oderimus
1553 2546 1612 2595 nos,
1629 2540 1749 2583 nostum
1765 2534 1926 2584 sentsnoism
1944 2532 1978 2583 de
1994 2533 2103 2598 unguib
2119 2533 2195 2596 loeis,

196 2595 227 2664 e)
245 2596 374 2665 queritur]
392 2597 443 2652 Bd.
462 2601 488 2650 4.
505 2598 584 2654 mu:
602 2600 736 2667 queritur
1210 2598 1305 2668 siquid
1321 2601 1418 2655 tlienbi
1436 2600 1637 2666 deeidtrtbltur,
1654 2601 1786 2667 copiosius
1803 2600 1982 2654 deolursturos
1999 2599 2076 2671 esse]

1050 5212 1319 5297 brunsviqee,

937 5334 1018 5401 'lypis
1039 5348 1190 5403 upum
1213 5334 1250 5387 ih
1274 5332 1426 5387 Erubuit.
