4786 6210
263 374 328 441 431
389 362 399 367 ·
714 372 823 438 run.
846 372 949 440 nun.
974 372 1161 445 scurrus
1183 352 1453 440 nouuxrrcx
1474 371 1531 438 rr
1553 370 1824 442 srnnourcx,
2210 376 2281 445 aaa

264 574 350 640 stus,
372 573 407 626 vt
429 561 577 626 traderet
598 559 693 648 leges
716 563 889 646 quasdam,
912 583 974 646 per
996 583 1079 647 quas
1103 581 1242 627 merere·
1267 562 1272 703 )
1294 579 1399 644 opera
1420 571 1582 645 quaerunt
1604 574 1637 625 et
1659 559 1899 639 cumulant,'vt
1925 564 2151 649 acquiescent
2202 565 2282 633 Hae

263 670 336 715 mur
376 648 604 711 remissionem
644 659 872 730 pcccatorum,
908 669 975 713 non
1014 649 1241 732 acciperemus
1293 666 1462 731 nunquam
1483 648 1637 710 sanciunt
1657 650 1756 712 sede
1779 648 1948 735 condigno
1971 651 2102 729 mereri,
2121 662 2155 715 et
2176 665 2281 718 ruunt

264 736 371 820 gratis
401 744 538 818 propter
566 734 667 816 ipsius
695 735 820 798 merita.
867 736 981 818 ltaque
1008 736 1036 797 si
1065 735 1253 819 recipimus
1293 733 1326 796 in
1354 733 1414 796 des
1440 735 1638 810 arationem,
1671 735 1735 808 aisl
1763 735 1899 798 audiant
1928 746 2061 819 praeter
2089 738 2280 805 doctrinam

262 820 319 884 liic
340 821 609 883 aduersariorum
632 819 826 898 doctrinam,
848 821 935 904 quod
958 840 1142 884 mereamur
1164 840 1242 903 ope·
1292 815 1392 902 legis,
1413 753 1631 904 Euangelium
1654 819 1696 882 de
1717 821 1863 905 gratuita
1890 822 2089 887 remissione
2121 835 2281 907 peccato·

262 907 355 970 ribus
378 906 517 968 rationi-s
539 905 768 967 remissionem
791 917 1006 986 peccatorum
1033 918 1066 970 et
1089 905 1243 971 iustiliae·
1292 924 1377 980 rum,
1399 915 1432 967 et
1453 904 1578 968 iustitia
1600 904 1688 969 fidei.

262 993 396 1069 donem,
417 987 497 1053 nihil
524 991 588 1053 iam
616 990 766 1053 intererit
792 993 877 1055 inter
906 992 1072 1056 iusticiam
1098 987 1242 1075 philoso·
1379 990 1428 1052 lta
1448 986 1528 1052 nihil
1554 990 1678 1053 docent
1704 991 1908 1073 aduersarij,
1936 993 2001 1056 nisi
2025 994 2189 1060 iusticiam
2222 1014 2281 1061 ra·

262 1079 406 1162 phicam,
428 1086 486 1140 aut
509 1087 598 1139 certe
623 1074 860 1154 l'lrarisaicam,
884 1088 916 1140 et
938 1075 1170 1142 Christianam.
1292 1075 1403 1151 tionis,
1427 1086 1484 1138 aut
1506 1088 1598 1140 certe
1618 1071 1704 1160 legis
1727 1078 1761 1140 in
1783 1097 1882 1161 quam
1904 1077 2094 1157 intuentur,
2115 1081 2205 1145 sicut
2226 1080 2279 1145 lu·
2325 1080 2335 1094 ‘

349 1162 544 1245 Quanquam
567 1161 750 1241 aduersarij
763 1182 806 1224 ue
818 1160 986 1227 Christum
999 1165 1132 1227 omnino
1150 1181 1242 1246 prae
1266 1141 1270 1247 l
1293 1160 1367 1223 daei
1389 1160 1423 1223 iu
1443 1157 1585 1224 velatam
1606 1159 1706 1226 llloisi
1727 1158 1867 1240 faeiem,
1894 1174 1927 1227 et
1955 1165 1989 1228 in
2018 1167 2148 1231 securis
2171 1165 2277 1251 hypo

264 1259 404 1326 teneant,
426 1248 596 1332 requirunt
619 1248 775 1311 noticiam
796 1247 954 1312 historiae
977 1249 1019 1312 de
1041 1248 1189 1325 Christo,
1209 1259 1241 1311 et
1293 1246 1398 1324 critis,
1420 1246 1475 1330 qui
1496 1256 1613 1329 putant
1636 1266 1674 1308 se
1696 1245 1765 1333 legi
1787 1245 1997 1331 satisfacere,
2019 1252 2167 1316 excitant
2177 1271 2276 1336 prae-

263 1336 410 1400 tribuunt
433 1334 475 1411 ei,
498 1335 588 1417 quod
610 1335 766 1398 meruerit·
787 1335 883 1398 nohis
906 1335 978 1398 dari
996 1336 1160 1419 quendam
1182 1332 1240 1396 ha·
1293 1331 1513 1415 sumptionem
1541 1342 1575 1395 et
1601 1333 1732 1398 inanem
1760 1331 1915 1399 fiduciam
1942 1356 2095 1420 operum,
2130 1348 2164 1400 et
2196 1357 2278 1404 cou-

263 1423 378 1498 bitnm,
400 1421 472 1482 siue
494 1431 529 1481 vt
550 1419 615 1502 ipsi
638 1431 772 1495 vocant,
791 1420 932 1502 primam
955 1421 1113 1503 gratiam,
1142 1438 1242 1503 quam
1292 1428 1451 1501 temptum
1462 1418 1588 1496 gratiae
1610 1415 1744 1482 Christi.
1778 1417 1927 1484 Econtra
1944 1421 2084 1504 pauidas
2103 1425 2277 1489 couscien-

261 1503 449 1591 iutclliguut
470 1502 619 1568 habitum
640 1520 719 1568 esse
731 1503 959 1582 inclinantem,
980 1521 1014 1568 vt
1025 1502 1158 1569 facilius
1170 1501 1241 1568 dili·
1292 1504 1357 1567 tias
1378 1503 1515 1587 adigunt
1535 1505 1578 1568 ad
1601 1505 1880 1588 desperationem,
1897 1527 1983 1591 quae
1999 1520 2177 1591 operantes
2199 1529 2278 1574 cum

261 1613 380 1679 gamus
398 1590 515 1654 Deum.
544 1588 907 1676 Exiguumtamenest‚
920 1590 1093 1675 quodhuic
1114 1586 1241 1654 habitui
1292 1588 1509 1666 dubitatione,
1531 1609 1700 1674 nunquam
1721 1603 1866 1675 possunt
1877 1593 2020 1676 experiri
2031 1594 2110 1678 quid
2121 1594 2166 1658 sit
2176 1592 2274 1669 fides,

262 1679 423 1754 tribuunt,
447 1677 524 1760 quia
546 1674 676 1762 tingunt
706 1687 803 1741 aetus
833 1675 1011 1742 voluntatis
1039 1689 1118 1741 ante
1148 1674 1241 1739 habi·
1292 1687 1325 1738 ct
1347 1695 1445 1757 quam
1472 1675 1515 1737 sit
1543 1671 1681 1752 efficax,
1711 1677 1757 1740 ita
1779 1677 1823 1741 ad
1851 1688 2033 1765 extremum
2060 1680 2194 1763 penitus
2218 1680 2276 1745 de·

262 1759 462 1838 tumillnm,
486 1772 618 1845 etpost
646 1759 738 1826 illum
767 1759 911 1827 habitum
942 1763 1089 1826 eiusdem
1116 1761 1242 1844 speciei
1292 1771 1439 1842 sperant.
1549 1796 1553 1802 ·

262 1868 352 1926 esse,
374 1847 517 1931 Finguut
538 1845 742 1912 voluntatem
765 1869 866 1931 posse
885 1844 1022 1932 diligere
1037 1844 1158 1923 Deum,
1180 1847 1241 1912 sed
1378 1844 1449 1908 Nos
1478 1856 1588 1910 autem
1617 1845 1659 1910 de
1687 1846 1818 1911 iusticia
1844 1849 1981 1913 rationis
2015 1850 2067 1915 sic
2101 1852 2276 1926 sentimus,

261 1932 397 1998 habitus
419 1931 476 1996 ille
499 1949 608 1996 taurea
631 1933 811 2012 extimulat,
835 1947 870 1999 vt
892 1934 979 1997 idem
1011 1929 1114 1998 iaciat
1128 1935 1180 2009 ²²)
1203 1930 1242 1996 li·
1292 1931 1381 2014 quod
1399 1928 1494 1995 Deus
1517 1931 1662 2015 requirat
1683 1952 1776 2010 eam,
1799 1943 1832 1997 ct
1854 1935 1944 2018 quod
1973 1947 2112 2021 propter
2140 1937 2275 2003 mande·

263 2021 404 2084 bentius.
448 2018 489 2081 Et
518 2018 631 2083 iubent
660 2021 777 2085 mereri
808 2020 896 2084 huuc
925 2017 1073 2084 habitum
1102 2020 1241 2102 primum
1292 2026 1360 2081 tum
1393 2013 1459 2080 Dei
1491 2018 1685 2082 necessario
1718 2018 1784 2082 sint
1813 2015 1967 2084 facienda
1998 2019 2143 2086 honesta
2170 2041 2278 2106 opera

261 2124 323 2191 per
344 2105 576 2190 praecedentia
594 2108 722 2183 merita,
746 2107 864 2170 deinde
886 2106 1000 2169 iubeat
1022 2105 1140 2170 mereri
1164 2123 1241 2187 ope·
1292 2121 1378 2187 quae
1400 2100 1586 2187 decalogus
1609 2104 1781 2187 praecipit,
1803 2104 1894 2169 iuxta
1915 2104 2174 2184 thuanense
2196 2129 2276 2192 pae-

260 2192 354 2256 ribus
387 2189 473 2274 legis
505 2191 744 2256 incrementum
773 2189 861 2255 illius
894 2189 1045 2262 habitus,
1074 2203 1107 2254 et
1142 2191 1241 2255 vitam
1293 2190 1457 2272 dagogus.
1501 2187 1583 2253 ltcm
1601 2185 1656 2253 lex
1683 2201 1735 2254 est
1763 2190 1893 2255 iniustis
1920 2194 2042 2276 posita.
2088 2189 2167 2257 Vult
2188 2195 2277 2260 enim

260 2290 441 2343 aeternam.
476 2275 524 2339 lta
546 2275 710 2359 sepeliunt
732 2276 912 2354 Christum,
932 2296 974 2340 ne
996 2295 1037 2338 eo
1060 2275 1241 2340 mediatore
1265 2314 1269 2334 ι
1291 2271 1387 2338 Deus
1409 2272 1760 2339 coherceri‘carnales
1782 2272 1841 2339 illa
1863 2276 1952 2341 ciuili
1970 2275 2159 2364 disciplina,
2175 2277 2277 2346 Erae

261 2373 396 2428 vtautur
418 2360 582 2438 homines,
604 2374 636 2426 et
654 2376 790 2447 propter
812 2364 918 2447 ipsum
937 2363 1090 2426 sericiant
1108 2381 1146 2425 se
1169 2381 1241 2464 gra·
1265 2338 1269 2409 l
1291 2359 1380 2424 hanc
1403 2360 1668 2424 conseruandaru
1690 2360 1781 2425 dedit
1802 2359 1912 2446 leges,
1935 2359 2066 2445 literas,
2090 2364 2277 2432 doctrinam

262 2450 305 2512 tis
327 2449 485 2529 accipere
506 2448 736 2512 remissionem
757 2460 974 2532 peccatorum
992 2459 1026 2511 et
1048 2445 1241 2511 reconcilia·
1292 2445 1523 2529 magistratus,
1536 2448 1589 2523 24)
1611 2465 1750 2530 poenas.
1795 2445 1839 2511 Et
1865 2458 1979 2531 potest
1992 2453 2046 2519 2⁵)
2069 2450 2156 2515 hauc
2183 2453 2277 2517 iusti·

261 2535 401 2601 tiouem,
429 2532 491 2596 sed
516 2533 681 2596 soumient
705 2534 909 2616 se’propria
935 2530 1133 2618 implecione
1154 2530 1242 2680 legis
1293 2533 1377 2607 cmm
1411 2542 1578 2616 vtcauque
1605 2533 1690 2596 ratio
1724 2533 1796 2596 suis
1830 2534 1956 2599 uiribus
1985 2531 2142 2615 efficere,
2170 2557 2277 2621 quen·

261 2619 382 2684 mereri
401 2619 628 2682 remissionem
652 2632 883 2700 peccatorum,
905 2631 939 2682 et
966 2619 1101 2702 propria
1127 2619 1194 2700 imp
1209 2636 1241 2681 e·
1293 2635 1517 2703 quamsaepe
1543 2616 1686 2682 vincitur
1714 2616 2010 2696 imbecillitate²⁶)
2045 2620 2207 2700 naturali,
2241 2633 2277 2688 et

262 2705 353 2771 tione
373 2700 459 2788 legis
483 2723 594 2767 coram
617 2702 692 2769 Deo
715 2706 823 2780 iustos
845 2705 1010 2788 reputari,
1033 2725 1107 2769 cum
1130 2717 1241 2768 tamen
1291 2699 1482 2786 impellente
1519 2699 1654 2767 diabolo
1687 2704 1730 2767 ad
1764 2701 1991 2770 manifestafl
2038 2707 2111 2772 ‘cie
2163 2707 2276 2783 Quan-

261 2788 329 2876 legi
350 2810 516 2875 nimquam
540 2789 699 2869 satisfiat,
721 2812 796 2856 cunr
823 2792 908 2856 ratio
930 2786 1012 2854 nihil
1032 2788 1148 2861 iaciat,
1178 2789 1242 2854 nisi
1293 2808 1392 2872 quam
1414 2798 1524 2852 autem
1545 2789 1623 2855 huic
1646 2789 1799 2854 iusticias
1825 2793 1965 2856 rationis
1991 2791 2016 2857 li
2040 2805 2134 2859 enter
2163 2794 2277 2860 tribui·

261 2876 423 2962 quaedam
446 2873 556 2941 ciuilia
577 2896 691 2959 opera,
714 2877 846 2942 Interim
865 2896 972 2960 neque
992 2876 1105 2940 timeat
1121 2873 1242 2954 Deum,
1292 2894 1366 2938 mus
1384 2893 1466 2939 suas
1484 2870 1613 2952 laudes,
1634 2871 1769 2940 Nullum
1789 2876 1876 2941 enim
1895 2879 2002 2943 maius
2025 2880 2149 2945 bonum
2171 2878 2276 2946 hebet

260 2982 370 3047 neque
393 2981 473 3026 vere
501 2963 617 3027 credat
646 2981 684 3025 se
710 2960 785 3028 Deo
814 2983 914 3029 curae
937 2982 1025 3026 esse.
1069 2959 1112 3026 Et
1139 2982 1241 3047 quau-
1292 2957 1379 3024 haec
1400 2970 1518 3024 natura
1540 2971 1706 3045 corrupta.
1750 2960 1793 3025 Et
1814 2973 1907 3028 recte
1928 2963 2033 3049 inquit
2057 2963 2275 3046 Aristoteles,

194 3057 197 3061 ’
287 3070 362 3112 uam
385 3048 427 3111 de
447 3047 563 3112 habitu
584 3045 643 3110 illo
667 3047 857 3134 loquuntur,
875 3062 985 3112 tamen
1009 3049 1082 3112 sine
1109 3048 1243 3114 iusticia
1292 3065 1400 3129 neque
1433 3043 1636 3129 Hesperum,
1669 3067 1777 3132 neque
1812 3044 2001 3115 Luciferum
2039 3046 2275 3118 formosiorem

262 3069 357 3209 idei,
390 3152 499 3216 neque
532 3135 676 3197 existere
708 3133 841 3200 dilectio
874 3132 940 3198 Dei
971 3135 1006 3198 iu
1041 3132 1242 3213 homiuibus,
1293 3149 1371 3196 esse
1392 3132 1534 3196 iusticia.
1577 3130 1630 3199 Ac
1656 3130 1752 3198 Deus
1780 3135 1879 3199 etiam
1907 3139 2070 3213 ornat²⁷)
2097 3157 2171 3202 eam
2199 3156 2274 3202 cor·

262 3237 371 3303 neque
394 3218 472 3303 quid
496 3219 539 3281 sit
561 3215 694 3284 dileetio
717 3218 801 3298 Dei,
823 3218 964 3306 intelligi
985 3230 1107 3303 potest
1214 3299 1217 3305 Ι
1265 3212 1466 3332 ¹poralihus
1488 3220 1664 3301 praemijs,
1691 3229 1803 3285 mmeu
1830 3240 1898 3287 nou
1925 3223 2027 3287 debet
2056 3241 2134 3293 eum
2160 3234 2274 3291 conm-

349 3303 392 3367 Et
413 3304 501 3388 quud
524 3301 653 3389 fingunt
676 3306 853 3370 discrimen
882 3308 967 3370 inter
989 3303 1141 3370 rneritum
1163 3324 1242 3370 con·
1292 3299 1391 3368 melia
1415 3301 1540 3368 Christi
1560 3301 1702 3370 laudari.
1773 3320 1777 3327 ’

286 3390 348 3468 rui,
370 3402 404 3453 et
425 3391 577 3453 meritum
598 3392 773 3475 condigni,
801 3389 918 3456 ludunt
948 3401 1093 3469 tautum,
1122 3408 1166 3454 ne
1194 3390 1242 3456 vi·
1380 3386 1517 3454 Falsum
1539 3399 1593 3453 est
1614 3391 1718 3469 euim,
1749 3391 1839 3474 quod
1859 3411 1921 3477 per
1942 3411 2048 3477 opera
2067 3402 2185 3459 nostra
2205 3413 2273 3461 me·

261 3410 403 3542 ieautur
424 3485 538 3559 aperte
559 3479 785 3556 πελαγιανίζειν.
819 3477 906 3542 Nam
928 3475 1063 3542 siDeus
1086 3495 1241 3541 necesse·
1291 3493 1425 3541 reantur
1445 3474 1675 3541 remissionem
1697 3487 1924 3560 peccatorum.

260 3561 312 3626 rio
331 3562 388 3625 dat
407 3561 547 3646 gratim
575 3582 638 3665 pro
668 3563 784 3628 merito
813 3562 970 3649 congrui,
997 3563 1063 3626 iam
1092 3582 1160 3626 uon
1190 3572 1242 3627 est
1378 3556 1513 3645 Falsum
1533 3572 1587 3625 est
1614 3572 1648 3626 et
1673 3559 1757 3640 hoc,
1786 3563 1877 3646 qnod
1903 3563 2056 3630 homines
2078 3573 2275 3649 reputentur

260 3648 411 3711 meritum
445 3667 601 3731 cougrur,
635 3649 696 3712 sed
729 3650 880 3714 meritum
911 3648 1077 3735 condigni.
1128 3646 1241 3722 Quan-
1292 3665 1372 3711 esse
1392 3646 1470 3710 iusti
1494 3665 1607 3711 coram
1629 3644 1716 3727 Deo,
1737 3659 1873 3732 propter
1894 3649 2057 3717 iusticiam
2078 3650 2228 3715 rationis.

285 3751 359 3796 uam
383 3734 461 3816 quid
483 3733 607 3814 dicant,
627 3741 694 3797 hou
718 3734 841 3798 vident.
875 3734 959 3799 Post
979 3733 1127 3800 habitum
1148 3731 1241 3800 illum
1378 3729 1516 3796 Falsum
1537 3731 1738 3813 estethoc,
1760 3734 1956 3817 quadratio
1977 3737 2122 3822 proprijs
2145 3737 2273 3802 viribus

199 3883 204 3894 ,
260 3753 448 3884 iilectionis
467 3815 771 3904 fingunthominem
789 3821 1011 3906 decondigno
1028 3821 1158 3886 mereri.
1174 3824 1240 3898 22·)
1315 3819 1399 3882 ussit
1434 3816 1544 3884 Deum
1577 3837 1679 3903 supra
1704 3820 1815 3886 omnia
1842 3816 1999 3907 diligere,
2023 3833 2057 3886 et
2077 3819 2188 3909 legem
2205 3819 2274 3889 Dei

260 3900 305 3967 Et
322 3915 430 3968 tamen
448 3906 562 3969 iubent
579 3905 746 3984 dubitare,
769 3916 879 3971 rtrum
898 3907 986 3972 adsit
1012 3906 1156 3994 habitus,
1171 3907 1239 3984 22¹’)
1290 3839 1414 3979 lacere,
1435 3900 1604 3983 videlicet,
1624 3923 1704 3969 vere
1721 3905 1837 3970 timere
1857 3904 1987 3985 Deum,
2008 3927 2090 3973 vere
2111 3919 2274 3988 statuere,

261 3986 437 4062 Quomodo
459 3991 558 4076 igitur
587 3990 713 4068 sciunt,
742 4003 851 4056 rtrum
874 3992 916 4056 de
946 4012 1096 4079 congruo
1123 4012 1167 4056 an
1197 3990 1240 4055 de
1291 3991 1381 4075 quod
1402 3988 1495 4054 Dens
1518 3991 1690 4070 exaudiat,
1713 3986 1801 4056 velle
1832 3993 1969 4057 obedire
1991 3992 2067 4058 Deo
2095 3995 2130 4058 in
2152 4004 2274 4074 morte,

262 4074 430 4162 enndigno
458 4087 658 4140 mereantur.
703 4075 771 4141 Sed
799 4089 870 4142 tota
898 4074 982 4143 haec
1010 4098 1065 4142 res
1096 4075 1240 4144 condeta
1291 4087 1325 4140 et
1363 4073 1440 4157 alijs
1479 4076 1743 4140 ordinationibus
1782 4074 1857 4143 Dei.
1911 4077 1988 4145 Non
2027 4081 2275 4164 concupiscere

261 4168 321 4226 est'
336 4163 379 4226 ab
401 4163 525 4227 ociosis
548 4161 755 4239 homiuibus,
777 4163 833 4247 qui
854 4183 922 4227 uon
943 4176 1081 4242 norant,
1103 4170 1240 4248 querno·
1289 4157 1399 4226 aliena
1420 4172 1483 4226 etc.
1507 4162 1569 4225 etsi
1592 4160 1701 4228 ciuilia
1724 4182 1826 4246 opera
1838 4161 1974 4230 efficere
1985 4166 2071 4230 ratio
2080 4175 2202 4251 potest.
2217 4166 2274 4244 ²⁸)

262 4248 306 4313 do
329 4249 501 4333 contingat
522 4247 927 4332 remissiopeccatorum,
955 4260 989 4313 et
1033 4251 1177 4314 uomodo
1197 4248 1239 4311 ‘in
1376 4242 1513 4311 Fulsum
1534 4258 1586 4310 est
1608 4260 1641 4312 et
1661 4247 1728 4314 hoc
1748 4260 1783 4315 ct
1810 4249 2087 4316 contumeliosum
2113 4252 2148 4316 in
2175 4246 2273 4316 Clui-
2349 4272 2387 4359 ,s

261 4332 382 4397 iudicio
403 4332 479 4412 Dei,
501 4343 534 4398 et
558 4334 742 4398 terroribus
766 4334 1002 4415 conscientiae,
1011 4269 1139 4399 (iducia
1161 4353 1240 4418 ope·
1289 4342 1395 4409 stum,
1446 4332 1513 4397 uod
1541 4351 1610 4396 uon
1636 4345 1780 4419 peccent
1806 4334 1958 4401 homiues
1984 4333 2147 4402 facientes
2174 4356 2272 4422 prae·
2346 4310 2387 4424 *s

261 4438 336 4484 rum
357 4421 455 4483 uobis
478 4422 675 4484 excutiatur.
720 4417 837 4484 Securi
851 4423 905 4498 Ν)
934 4417 1130 4506 hypocritae
1155 4438 1240 4483 sem·
1291 4429 1388 4503 cepta
1452 4418 1483 4482 ei
1515 4417 1590 4484 sine
1620 4420 1740 4502 gratia.
1783 4419 1890 4486 lluius
1911 4434 2049 4488 nostrae
2075 4422 2273 4489 sentenciae

285 4523 323 4567 er
344 4506 490 4569 iudicant
512 4525 550 4569 se
573 4505 615 4569 de
638 4505 806 4590 condigno
828 4506 960 4586 mereri,
982 4505 1056 4570 siue
1073 4505 1160 4571 adsit
1181 4502 1239 4569 la·
1289 4503 1476 4571 testimonia
1498 4501 1676 4578 habemus,
1704 4525 1773 4571 nou
1801 4504 1910 4573 solnm
1942 4528 1985 4574 ex
2014 4509 2201 4593 scripturis,
2216 4511 2274 4587 ²⁹)

261 4525 351 4654 litus
373 4587 448 4667 ille,
473 4592 546 4655 siue
574 4610 641 4654 nou
669 4590 774 4666 adsit,
806 4591 883 4675 quia
914 4589 1109 4656 naturaliter
1137 4588 1240 4675 couti-
1290 4591 1468 4656 sedetiam
1491 4609 1533 4654 ex
1555 4587 1721 4657 Patribus.
1764 4591 1849 4658 Nem
1872 4595 2083 4682 Augustinus
2111 4593 2275 4679 copiosis·

262 4673 345 4739 drrut
366 4673 518 4740 homines
542 4676 675 4760 propria
698 4676 910 4746 iusticia‚sed
928 4676 1240 4761 couscientiaeper-

262 4758 461 4826 terrefactus
482 4763 653 4848 ambigunt
678 4774 712 4827 et
742 4763 910 4842 dubitant,
939 4775 973 4828 et
1001 4763 1141 4829 subinde
1173 4759 1239 4829 elia
1293 4763 1493 4774 “““““““
1535 4847 1541 4859 ⁴
2063 4843 2067 4851 Ι
2238 4743 2258 4794 ⁹

1291 4864 1338 4930 24)
1357 4864 1503 4916 docuinam
1520 4864 1705 4931 magistratus}
1722 4866 1773 4917 Ed.
1791 4867 1831 4918 θα
1850 4867 2008 4933 doctrinam,
2024 4867 2204 4934 Uegletrettu.

1291 4949 1338 5016 25)
1356 4949 1453 5017 potest]
1470 4952 1523 5003 Ed.
1541 4954 1567 5004 2.
1585 4961 1636 5022 tpp.
1651 4968 1717 5006 em:
1735 4961 1795 5016 post

261 5033 311 5099 ²2)
327 5030 418 5098 faciat]
436 5035 485 5085 Ed.
504 5037 529 5085 4.
548 5041 600 5102 typ.
618 5052 683 5086 em:
702 5036 765 5087 feeit
1292 5035 1339 5101 ²6)
1357 5037 1548 5104 imbecillitate]
1565 5040 1616 5092 Ed.
1634 5037 1675 5089 &a
1693 5039 1868 5090 imbecillitati

263 5119 327 5185 lla)
345 5119 460 5185 mereri]
478 5121 527 5170 sd.
546 5120 584 5169 3.:
604 5121 707 5183 mereri,
1291 5121 1338 5189 27)
1358 5121 1447 5188 cruat]
1465 5125 1596 5178 ticllditt.
1618 5125 1707 5187 l-³.;
1724 5124 1773 5175 Ed.
1789 5125 1832 5177 ta
1849 5133 1926 5176 ornet

262 5205 327 5271 aaa)
345 5205 469 5272 saarim]
486 5206 535 5255 aa.
554 5207 594 5256 aa
612 5205 725 5257 nanim.
1262 5189 1267 5259 l
1292 5208 1464 5276 etratus]
1483 5211 1520 5260 aa.
1537 5212 1619 5261 narra
1641 5213 1663 5260 1.
1684 5213 1708 5263 a.
1725 5213 1766 5273 r.;
1783 5209 1834 5262 aa.
1851 5212 1893 5261 aa
1912 5225 1966 5262 non
1982 5216 2076 5275 poma

260 5290 428 5359 sarsana]
447 5292 485 5343 aa
501 5292 583 5342 eurr.
603 5294 694 5354 r-a.;
712 5293 762 5346 uu.
781 5294 822 5343 a:
843 5291 926 5345 siens
1261 5262 1268 5348 i
1291 5293 1340 5360 aa)
1358 5309 1393 5346 οι
1409 5295 1564 5363 neptunu
1582 5298 1620 5347 aa
1636 5296 1718 5348 uua
1740 5296 1898 5359 1-a.;na.
1918 5299 1957 5348 a:
1976 5297 2003 5348 n
2020 5296 2164 5363 serapam,

263 4933 468 4950 *ῃ
