4756 6194
173 411 242 479 1911
623 408 736 478 etth.
757 406 863 475 1111111.
885 407 1073 475 scelera
1093 406 1363 477 hostiarios
1381 408 1440 475 ΕΤ
1457 407 1730 475 SthBOLICA.
2147 403 2215 467 5111

173 619 244 665 non
277 610 390 683 potest
416 609 584 675 statuere,
618 599 709 683 quod
740 616 825 681 opus
853 594 1039 661 satisfaciat
1067 595 1155 673 Deo,
1207 616 1292 674 sam,
1314 596 1651 681 perhancquaerunt
1666 595 1844 675 iusticiam,
1862 596 2017 681 gratiam,
2042 590 2214 670 salutem,

176 686 255 751 ldeo
285 704 418 767 semper
445 686 597 769 angitur,
624 696 658 748 et
679 684 822 748 subinde
842 680 908 747 alia
930 702 1050 768 opera,
1071 678 1156 745 alios
1206 702 1247 767 ex
1264 701 1368 763 opere
1390 695 1539 766 operato.

176 770 288 836 cultus
319 772 506 855 excogitat,
539 770 648 833 donec
676 788 818 852 prorsus
846 770 1012 853 desperat
1063 768 1157 831 llaec
1291 765 1389 832 Alter
1416 769 1535 831 modus
1563 764 1807 831 iustificationis
1836 767 1978 831 traditur
2006 787 2033 830 a
2057 762 2212 829 Theolo-

175 858 262 921 ratio
295 866 388 920 extat
418 856 507 938 apud
540 851 680 918 Paulum
720 852 815 917 11111.
846 875 902 938 mJ.
935 854 991 917 rbi
1024 856 1157 935 probat,
1207 849 1261 939 gis
1284 850 1514 930 Scholasticis,
1535 873 1612 918 eum
1635 852 1766 930 docent,
1790 853 1879 937 quod
1896 853 1975 915 iusti
1991 856 2126 927 simus,
2151 870 2213 934 per

176 942 267 1028 quod
300 942 478 1023 promissio
510 940 678 1017 iusticiee,
716 959 784 1003 non
819 942 990 1025 contingat
1022 949 1158 1024 propter
1207 940 1370 1087 quendam
1394 937 1540 1002 habitum
1568 959 1589 1002 1
1613 937 1685 1001 Dec
1707 935 1871 1015 infusum,
1893 938 1948 1086 qui
1967 952 2023 1003 est
2053 934 2211 1013 dilectio,

177 1047 281 1112 opera
310 1039 443 1104 nostra,
476 1026 554 1109 quia
586 1044 754 1109 nunquam
787 1044 965 1106 possemus
997 1035 1158 1103 statuere,
1238 1025 1361 1108 tquod
1384 1022 1450 1089 hoc
1472 1022 1586 1088 habitu
1608 1024 1708 1086 adiuti
1729 1024 1820 1087 intus
1841 1033 1874 1087 et
1910 1025 1998 1102 oris,
2035 1019 2210 1087 faciamus

177 1115 267 1200 quod
295 1111 494 1176 haberemus
521 1106 688 1194 placatum
716 1108 836 1174 Deum.
868 1108 942 1173 Lex
963 1111 1048 1173 enim
1075 1129 1157 1173 sem·
1207 1107 1318 1194 legem
1345 1109 1426 1180 Dei,
1456 1108 1498 1172 Et
1526 1110 1616 1193 quod
1639 1105 1697 1171 illa
1718 1107 1873 1193 implecio
1895 1107 1981 1193 legis
2003 1111 2075 1185 sit,
2104 1109 2209 1185 digna

175 1220 238 1284 per
267 1209 424 1272 accusat,
452 1196 500 1259 lta
520 1196 699 1279 promissio
722 1196 814 1259 irrita
838 1208 945 1273 esset,
968 1208 1001 1258 et
1020 1197 1159 1271 incerta,
1208 1195 1314 1281 gratie
1348 1208 1381 1258 et
1414 1197 1482 1259 vitu
1515 1206 1663 1258 aeterna.
1716 1193 1810 1259 llaec
1839 1197 1993 1275 doctrina
2021 1191 2134 1278 plane
2156 1206 2208 1257 est

178 1287 256 1349 ldeo
280 1280 447 1348 concludit
469 1282 557 1366 quod
576 1281 752 1365 promissio
776 1278 834 1344 illa
855 1283 1059 1345 remissionis
1080 1300 1158 1363 pec·
1209 1281 1361 1346 doctrina
1389 1277 1494 1365 legis,
1528 1279 1655 1343 Verum
1682 1292 1736 1343 est
1765 1283 1852 1344 enim
1876 1281 1965 1366 quod
1993 1279 2055 1344 lex
2088 1281 2208 1380 inquit,

178 1383 327 1436 catorum
357 1378 390 1431 et
417 1368 569 1432 iusticiae
596 1365 663 1429 lide
689 1368 761 1430 acci
787 1368 891 1442 iatur,
924 1388 991 1430 non
1021 1378 1159 1450 propter
1181 1372 1186 1475 j
1207 1363 1339 1452 Diliges
1364 1364 1542 1430 Dominum
1565 1364 1673 1429 Deum
1703 1378 1794 1430 tuum
1816 1380 1879 1431 etc.
1922 1363 1990 1429 llili
2017 1385 2064 1430 es
2095 1386 2208 1448 prom·

176 1475 289 1541 opera.
335 1452 429 1518 llaec
450 1464 502 1516 est
527 1469 606 1516 vera
628 1464 662 1514 et
683 1389 825 1537 simplex
847 1463 880 1515 et
902 1472 1062 1538 germana
1083 1471 1159 1516 sen·
1182 1482 1186 1537 p
1208 1474 1296 1517 mum
1318 1463 1418 1516 tuum.
1463 1449 1608 1516 Dilectio
1630 1452 1803 1537 igiturest
1825 1389 2114 1537 impleciolegis.

176 1544 278 1606 tentia
307 1536 414 1616 Pauli,
446 1542 481 1602 in
509 1558 575 1622 qua
602 1538 746 1601 maxima
775 1536 964 1602 consolatio
989 1539 1056 1623 pijs
1079 1542 1186 1625 con-i
1295 1535 1410 1600 Facile
1442 1551 1494 1601 cst
1520 1550 1631 1600 autem
1663 1536 1818 1601 iudicium
1844 1537 1970 1601 homini
1999 1534 2206 1601 Christiano

178 1627 328 1707 scientiis
352 1624 525 1709 proposita
547 1634 610 1701 est,
633 1636 667 1686 et
689 1621 874 1687 illustratur
896 1621 1004 1708 gloria
1021 1623 1159 1701 Christi,
1182 1636 1185 1645 '
1209 1625 1252 1687 de
1284 1634 1426 1707 utroque
1459 1622 1578 1699 modo,
1610 1624 1688 1705 quia
1719 1636 1859 1706 vterque
1897 1623 2017 1686 modus
2056 1619 2208 1687 excludit

200 1714 232 1777 ui
261 1722 353 1775 certe
374 1712 419 1774 ad
440 1710 506 1774 hoc
528 1710 672 1773 donatus
694 1724 746 1773 est
774 1711 892 1786 nobis,
914 1721 949 1772 11
972 1729 1031 1794 per
1051 1711 1158 1793 ipsum
1181 1662 1186 1767 l
1210 1706 1397 1785 Christum,
1418 1709 1494 1772 ideo
1517 1705 1779 1791 reprehendendi
1802 1720 1891 1772 sunt.
1934 1708 1970 1772 11
1993 1709 2117 1790 priore
2138 1727 2206 1771 ma·

177 1733 365 1861 habeamus
387 1797 540 1879 gratiam,
562 1795 736 1871 iusticiam,
759 1805 791 1858 et
814 1815 940 1876 pacem.
1181 1818 1186 1869 ρ
1209 1792 1332 1857 1111111
1360 1804 1412 1856 111
1438 1795 1605 1875 impietas,
1627 1796 1684 1879 qui
1705 1796 1816 1871 docet,
1839 1794 1927 1878 quod
1950 1814 2062 1877 opera
2086 1806 2206 1857 nostra

266 1880 436 1945 llactenus
464 1882 692 1946 recensuimus
721 1882 919 1964 praecipuos
947 1878 1043 1943 locos
1072 1900 1159 1964 quoe
1182 1876 1186 1919 ἓ
1210 1880 1278 1942 1111
1317 1880 1511 1963 propiciatio
1548 1899 1611 1962 pro
1649 1882 1809 1962 peccatis.
1864 1878 2040 1944 Posterior
2085 1881 2205 1944 modus

178 1967 362 2050 1111111111]Ι
396 1979 513 2030 contra
546 1986 610 2029 nos
644 1968 764 2041 citant,
786 1978 822 2028 vt
844 1967 1039 2041 ostendant,
1069 1964 1159 2049 quod
1182 1984 1186 2035 5
1210 1961 1311 2028 multa
1338 1963 1442 2029 habet
1468 1966 1689 2030 incommoda.
1739 1965 1813 2030 Non
1843 1967 1942 2031 docet
1971 1966 2019 2029 vti
2051 1964 2204 2040 Christo,

179 2052 263 2117 lides
287 2071 355 2115 uon
376 2050 541 2127 iustificat,
562 2063 595 2115 ct
616 2051 706 2135 quod
730 2070 912 2115 mereamur
929 2051 1159 2114 remissionem
1182 2046 1187 2069 ¹
1211 2070 1287 2114 eum
1319 2051 1537 2114 renascimur.
1586 2049 1662 2114 Non
1691 2051 1792 2116 docet
1821 2050 2097 2116 iustificationem
2126 2070 2205 2114 esse

177 2153 390 2223 peccaterum
414 2150 448 2202 et
465 2138 605 2223 gratiam
627 2156 687 2219 per
710 2157 814 2220 opera
834 2148 962 2201 nostra.
993 2137 1061 2201 Sed
1084 2155 1160 2219 spe·
1182 2170 1186 2209 2
1210 2135 1441 2199 remissionem
1468 2146 1699 2219 peccatorum,
1726 2136 1802 2200 Non
1832 2138 1931 2201 docet
1955 2138 2071 2219 prius'
2088 2139 2205 2200 remis·

177 2244 291 2287 ramus
319 2243 383 2286 nos
406 2224 472 2309 pijs
494 2222 710 2306 conscientijs
732 2223 816 2285 satis
838 2223 1046 2299 ostendisse,
1070 2220 1159 2305 quod
1183 2225 1187 2291 i
1210 2224 1339 2284 sionem
1370 2232 1585 2304 peccatorum
1624 2223 1840 2306 contingere,
1880 2243 1980 2306 quam
2014 2219 2203 2309 diligimus,

177 2308 211 2372 hi
243 2308 309 2372 loci
343 2329 410 2374 non
437 2309 658 2373 aduersentur
685 2319 821 2371 nostrae
842 2309 1037 2378 sententiae,
1070 2305 1159 2390 quod
1182 2302 1186 2383 ξ
1210 2307 1272 2371 sed
1306 2306 1418 2391 fingit,
1450 2309 1539 2390 quod
1564 2304 1736 2371 eliciamus
1765 2319 1876 2371 actum
1899 2306 2114 2386 dilectionis,
2141 2328 2203 2392 per

177 2395 360 2473 aduersarii
382 2391 470 2457 male
490 2393 706 2477 detorqueant
727 2395 912 2476 scripturas
928 2393 972 2456 ad
994 2411 1076 2456 suas
1093 2391 1160 2474 opi·
1183 2458 1186 2481 Ι
1210 2412 1308 2477 quem
1333 2411 1517 2457 mercemur
1537 2393 1765 2456 remissionem
1788 2405 2022 2476 peccatorum,
2045 2415 2115 2459 nec
2144 2395 2203 2458 do·

179 2481 315 2554 niones,
348 2477 438 2561 quod
470 2474 672 2562 plaerosque
711 2474 806 2541 locos
840 2479 942 2541 citent
973 2488 1159 2551 truncatos,
1182 2492 1187 2571 Ι
1211 2489 1265 2543 111
1297 2475 1362 2541 fide
1390 2478 1422 2541 in
1451 2474 1619 2541 Christum
1651 2478 1787 2542 vincere
1819 2490 1967 2542 terrores
1997 2481 2134 2563 peccati
2169 2492 2203 2543 et

179 2567 269 2651 quod
292 2564 427 2627 omissis
456 2562 542 2627 locis
565 2560 760 2626 clarissimis
784 2563 826 2625 de
848 2562 932 2639 lide,
955 2574 1083 2627 tantum
1106 2581 1160 2624 ert-
1183 2586 1188 2647 '.
1209 2563 1337 2627 mortis.
1392 2563 1503 2626 Ftnott
1535 2562 1687 2626 homines
1715 2564 1850 2647 propria
1882 2562 2086 2648 implecionc
2115 2562 2202 2649 legis

179 2660 318 2733 oerpant
350 2668 392 2711 ex
425 2649 600 2739 scripturis
629 2644 726 2712 locos
753 2648 796 2712 de
825 2651 1004 2732 operibus,
1033 2666 1160 2731 eosque
1182 2650 1186 2687 ²
1209 2648 1372 2712 accedere
1390 2649 1433 2712 ad
1454 2614 1575 2725 lleum,
1598 2649 1672 2712 sine
1691 2650 1915 2733 propiciatore
1937 2647 2093 2715 Christo·
2126 2651 2201 2714 Fin-

178 2738 382 2818 deprauent,
411 2734 500 2819 quod
528 2734 647 2818 vbique
676 2728 838 2818 affingant
872 2733 1033 2797 humanas
1061 2752 1159 2818 quas·
1182 2750 1186 2811 ;
1209 2736 1257 2818 git
1284 2744 1403 2815 postea
1432 2736 1540 2817 ipsam
1559 2732 1789 2819 implecionem
1812 2733 1910 2820 legis,
1935 2736 2010 2800 sine
2032 2738 2200 2820 propicia·

179 2824 254 2888 dum
284 2821 475 2903 opiniones,
504 2831 637 2903 praeter
663 2821 696 2883 id
728 2821 819 2905 quod
846 2820 952 2883 verba
973 2819 1159 2903 scripturae
1182 2816 1284 2897 l0tore
1312 2817 1464 2897 Christo,
1486 2820 1649 2883 iusticiam
1671 2840 1764 2895 esse,
1785 2822 1917 2905 dignam
1941 2824 2050 2906 gratia
2075 2824 2200 2887 etrite

178 2910 303 2985 dicunt,
325 2908 415 2992 quod
437 2903 548 2992 legem
569 2907 617 2968 ita
639 2907 797 2983 doceant,
820 2915 856 2968 11
876 2902 1094 2990 Euangelium
1116 2905 1159 2967 de
1182 2902 1186 2919 '
1209 2917 1356 2969 aeterna.
1401 2903 1485 2968 Cum
1507 2916 1616 2968 tamen
1638 2907 1694 2970 vix
1715 2904 1891 2972 imbecillis
1909 2917 1942 2971 11
1963 2910 2093 2995 exigua
2115 2906 2201 2994 legis

178 2991 314 3058 Christo
332 2992 484 3058 obruant.
519 2989 603 3054 Το11
617 2991 702 3055 enim
716 2990 868 3056 doctrina
879 2991 1158 3067 aduersariorum,
1209 2989 1362 3075 implecio
1387 2993 1559 3076 contingat
1578 2992 1675 3054 etiam
1695 2993 1831 3057 sanctis.

176 3081 296 3163 partim
317 3087 371 3139 est
397 3099 418 3141 a
446 3078 575 3140 ratione
602 3074 747 3142 humana
774 3086 922 3159 sumpta,
954 3077 1073 3159 partim
1107 3084 1160 3139 est
1296 3074 1421 3140 Verum
1449 3077 1554 3161 siquis
1580 3078 1740 3162 cogitabit
1767 3075 1982 3163 Euangeliom
2014 3096 2088 3142 non
2121 3098 2199 3144 esse

178 3163 331 3227 doctrina
357 3158 461 3246 legis,
495 3182 562 3226 non
585 3158 779 3247 Euangelij‚
810 3161 910 3227 Duos
932 3163 1017 3226 enim
1039 3161 1158 3226 modos
1209 3157 1335 3225 frustra
1355 3162 1466 3226 datum
1494 3163 1638 3241 mundo,
1667 3162 1836 3228 Christum
1864 3184 1931 3228 non
1962 3183 2042 3229 esse
2070 3163 2201 3229 frustra

177 3246 420 3314 iustificationis
448 3247 599 3322 tradunt,
621 3268 760 3331 quorum
781 3244 868 3311 11111
889 3261 942 3313 est
963 3258 1116 3329 sumptus
1138 3266 1160 3310 a
1180 3220 1186 3333 l
1209 3248 1421 3332 promissum,
1452 3246 1645 3325 exhibitum,
1677 3261 1802 3327 natum,
1825 3270 1982 3333 passum,
2016 3253 2199 3316 recusetu-

176 3336 319 3409 raiione,
341 3328 427 3395 alter
445 3351 487 3395 ex
509 3328 596 3413 lege,
618 3351 686 3395 non
714 3351 756 3394 ex
778 3328 976 3420 Euangelio,
998 3351 1059 3395 seu
1081 3351 1159 3415 pro·
1209 3347 1288 3408 1111,
1321 3330 1476 3398 facillime
1508 3331 1672 3418 intelliget
1706 3355 1787 3413 nos,
1815 3355 1885 3399 non
1913 3355 1956 3399 ex
1976 3337 2115 3400 ratione
2142 3347 2199 3401 aut

177 3421 338 3486 missione
359 3418 401 3482 de
424 3416 572 3481 Christo.
1208 3416 1287 3505 lege
1314 3416 1496 3484 iustificari.
1551 3419 1623 3483 Nos
1657 3419 1756 3505 igitur
1786 3421 1937 3507 cogimur
1965 3422 2008 3485 de
2037 3421 2199 3487 iustifica-

70 3579 77 3596 ·
264 3504 361 3567 Prior
377 3504 496 3567 modus
516 3500 759 3567 iustificationis
777 3512 829 3565 est
846 3502 933 3587 apud
946 3503 1051 3585 ipsos,
1069 3503 1160 3585 quod
1209 3505 1299 3567 tione
1321 3505 1500 3568 dissentire
1527 3506 1571 3568 ab
1594 3507 1809 3592 aduersarijs.
1853 3505 2078 3591 Euangelium
2111 3509 2197 3572 enirn

177 3593 299 3656 docent
332 3590 483 3653 homines
512 3607 574 3672 per
605 3590 692 3651 bona
720 3607 824 3671 opera
857 3589 977 3652 mereri
1006 3588 1159 3672 gratiam,
1208 3586 1308 3653 alium
1328 3591 1462 3653 modum
1484 3590 1647 3667 ostendit,
1674 3589 1893 3677 Euangelium
1916 3594 2008 3678 cogit
2030 3595 2080 3657 vti
2103 3592 2198 3658 Chri·

176 3688 244 3742 tum
268 3677 310 3739 dc
328 3694 490 3759 congruo,
511 3686 579 3738 tum
601 3675 644 3737 de
666 3675 844 3759 condigno.
880 3672 944 3738 llic
965 3673 1084 3737 modus
1106 3684 1160 3737 est
1209 3686 1263 3737 sto
1287 3675 1318 3736 in
1342 3672 1594 3753 iustificatione,
1624 3678 1723 3742 docet
1743 3678 1832 3761 quod
1853 3698 1915 3761 per
1936 3680 2046 3762 ipsum
2069 3678 2197 3744 habea·

177 3764 328 3826 doctrina
358 3761 516 3836 11111111,
545 3760 623 3843 quia
652 3760 737 3823 ratio
759 3780 826 3823 non
848 3761 967 3824 videns
988 3759 1158 3823 immundi·
1209 3778 1283 3824 mus
1311 3779 1485 3824 accessum
1513 3761 1556 3825 ad
1578 3759 1705 3840 Deum,
1736 3762 1937 3845 perfidem,
1971 3764 2074 3828 docet
2109 3766 2199 3850 quod

177 3849 260 3912 ciem
289 3848 416 3918 cordis,
443 3846 544 3909 sentit
572 3865 610 3909 se
632 3847 677 3910 ita
705 3844 841 3930 placare
863 3844 990 3921 Dcum,
1019 3846 1158 3909 sibene
1208 3846 1319 3929 ipsum
1345 3847 1560 3911 mediatorem
1589 3859 1622 3912 et
1649 3850 1904 3932 propiciatorem
1930 3850 2118 3914 debeamus
2141 3872 2198 3935 op·

177 3944 345 4018 operetur,
365 3944 400 3995 et
416 3943 594 4014 propterea
616 3932 757 3995 subinde
779 3928 845 3995 alia
866 3951 986 4015 opera,
1007 3928 1064 4015 alij
1088 3927 1158 3993 oul-
1183 3964 1187 4009 .·
1209 3950 1335 4015 ponere
1357 3932 1426 3995 irae
1449 3930 1530 4010 llei,
1557 3933 1657 3998 docet
1678 3933 1744 4000 fide
1766 3935 1800 3998 in
1823 3933 1991 3999 Christum
2013 3937 2126 4021 accipi
2149 3957 2198 4001 re·

177 4034 232 4084 111
266 4019 309 4081 ab
342 4016 532 4081 hominibus
565 4017 598 4079 in
631 4018 760 4101 magnis
793 4015 949 4107 periqulis
977 4017 1157 4100 excogitati
1182 4017 1404 4113 {pmissionem
1442 4030 1675 4101 peccatorum,
1717 4032 1750 4083 et
1793 4019 2121 4101 reconciliationem,
2164 4036 2198 4088 et

176 4116 271 4181 sunt,
305 4104 470 4167 aduersus
505 4115 653 4166 terrores
685 4103 920 4167 conscientiae.
969 4100 1097 4166 Gentes
1125 4112 1158 4166 11
1181 4142 1185 4171 :
1209 4104 1295 4166 vinci
1318 4116 1466 4168 terrores
1488 4105 1619 4188 peccati
1640 4117 1676 4169 et
1697 4107 1822 4171 mortis.
1870 4107 1917 4170 lta
1940 4120 1974 4170 et
1992 4105 2122 4171 Paulus
2139 4110 2196 4191 ait,

175 4187 347 4254 israelitae
384 4199 613 4253 mactauerunt
651 4186 813 4251 humanas
841 4186 989 4265 hostias,
1027 4199 1060 4251 et
1091 4185 1157 4251 alia
1181 4190 1185 4273 ᾗ
1208 4188 1376 4253 lusticiam
1410 4210 1489 4253 esse
1516 4210 1583 4253 non
1612 4210 1654 4255 ex
1683 4189 1778 4277 lege,
1808 4192 1869 4255 sed
1891 4212 1935 4257 ex
1956 4194 2196 4276 promissione,

175 4275 279 4342 multa
313 4275 488 4340 durissima
522 4293 624 4357 opera
650 4283 888 4357 susceperunt,
921 4287 958 4338 vt
984 4270 1157 4355 placarent
1180 4284 1184 4361 ξ
1206 4274 1241 4337 11
1268 4294 1334 4358 qua
1355 4276 1506 4355 promisit
1532 4286 1645 4359 pater,
1666 4280 1757 4361 quod
1780 4275 1859 4341 velit
1882 4280 2079 4364 ignoscere,
2103 4281 2194 4365 quod

174 4364 254 4429 lrarn
277 4360 358 4439 Dei,
380 4358 503 4424 Postea
526 4360 701 4445 excogitati
724 4357 1045 4440 suntlllonachatus
1067 4355 1156 4423 ethi
1180 4368 1184 4403 ¹
1207 4356 1288 4423 v'elit
1321 4358 1530 4426 reconciliari
1564 4373 1700 4446 propter
1728 4362 1914 4441 Christum,
1954 4362 2047 4428 Haec
2080 4376 2194 4430 autem

174 4459 385 4512 certauerunt
406 4448 492 4510 inter
513 4466 552 4510 se
573 4447 758 4510 acerbitate
779 4445 1061 4519 obseruationum,
1079 4463 1156 4508 con·
1180 4446 1183 4455 '
1230 4445 1385 4510 romissio
1407 4443 1482 4512 sola
1506 4445 1572 4510 fide
1593 4450 1764 4532 accipitur,
1788 4463 1822 4513 vt
1845 4458 1986 4513 testatur
1995 4447 2128 4516 Paulus
2149 4452 2193 4515 ad

173 4544 226 4597 tra
249 4543 397 4596 terrores
421 4532 658 4609 conscientiae,
679 4532 899 4596 contrairem
921 4528 996 4595 Dei.
1040 4528 1081 4593 Et
1100 4528 1155 4593 hic
1179 4538 1183 4615 i
1206 4467 1303 4595 horn.
1348 4529 1430 4615 Cap.
1453 4533 1510 4618 iiij.
1555 4532 1649 4599 Haec
1670 4533 1755 4599 fides
1777 4531 1851 4598 sola
1879 4536 1999 4619 accipit
2020 4538 2193 4601 remissio·

172 4619 293 4683 modus
316 4616 576 4695 iustificationis,
604 4617 681 4702 quia
710 4630 760 4680 est
791 4613 982 4693 rationalis,
1010 4626 1043 4680 et
1064 4625 1155 4679 totus
1179 4656 1182 4683 ι
1205 4636 1281 4681 1111
1310 4629 1542 4702 peccatorum,
1569 4618 1745 4698 iustificat,
1768 4631 1802 4685 et
1823 4640 1861 4685 re
1886 4633 2010 4685 encrat.
2056 4619 2193 4688 Deinde

171 4715 329 4769 versatur
358 4704 392 4767 in
422 4704 569 4769 externis
595 4703 770 4786 operibus,
802 4700 940 4788 intelligi
963 4713 1093 4783 potest,
1121 4713 1155 4764 et
1179 4732 1182 4779 t
1206 4702 1355 4788 sequitur
1375 4701 1521 4782 dilectio,
1543 4717 1576 4768 et
1598 4707 1724 4770 caeteri
1755 4708 1830 4771 boui
1859 4642 2000 4772 linctus.
2046 4708 2108 4772 Sic
2129 4710 2191 4796 igi·

172 4800 339 4875 vtcunque
361 4791 535 4872 praestari.
580 4788 623 4853 Et
643 4789 688 4854 ad
709 4787 800 4853 hunc
818 4786 1022 4853 Canonistae
1043 4787 1154 4852 detor·
1178 4810 1182 4851 ;
1204 4801 1259 4861 tur
1281 4789 1440 4854 docemus
1462 4791 1626 4859 hominem
1648 4792 1832 4871 iustificari,
1855 4802 1889 4856 11
1909 4793 2190 4875 supradiximus,

171 4887 289 4941 serunt
310 4876 537 4941 ordinationes
555 4872 827 4952 Ecclesiasticus,
848 4871 937 4938 male
954 4871 1154 4952 intellectas,
1178 4858 1182 4913 Ι
1205 4895 1279 4940 cum
1310 4877 1513 4940 conscientia
1540 4879 1653 4941 territa
1680 4879 1928 4962 praedicatione
1950 4879 2187 4960 poenitentiae,

171 4979 258 5047 quae
291 4980 313 5026 a
343 4960 493 5045 patribus
528 4959 630 5047 longe
656 4960 723 5027 alio
760 4957 902 5027 consitio
929 4956 1039 5024 sactae
1063 4971 1153 5038 sunt,
1177 4924 1181 5027 l
1204 4960 1342 5045 erigitur
1372 4974 1404 5024 et
1432 4962 1538 5027 credit
1565 4981 1604 5025 se
1633 4963 1760 5027 habere
1782 4961 1890 5029 Deum
1919 4961 2087 5047 placatum
2108 4987 2187 5050 pro·

169 5064 291 5131 nempe
322 5066 391 5113 uon
423 5056 460 5110 11
485 5066 545 5130 per
571 5067 676 5128 opera
705 5043 765 5110 illa
795 5065 1030 5131 quaereremus
1061 5046 1153 5109 lusti·
1176 5038 1181 5169 f
1203 5056 1278 5130 pter
1304 5044 1482 5111 Christum.
1528 5045 1621 5112 Haec
1650 5047 1734 5112 fides
1763 5050 1941 5133 imputatur
1962 5071 2024 5135 pro
2049 5052 2186 5117 iusticia

170 5133 354 5212 1111111111
385 5131 534 5197 1111111
563 5131 695 5216 quidam
741 5143 853 5216 ropter
881 5127 1150 5216 tranquillitatem
1204 5151 1317 5197 corum
1347 5130 1441 5212 Deo,
1473 5131 1591 5198 Roma.
1619 5134 1675 5198 iii‘.
1718 5132 1762 5199 Et
1789 5156 1863 5200 cum
1891 5133 1958 5200 hoc
1989 5137 2091 5201 modo
2125 5158 2186 5203 cor

169 5214 339 5285 1111111111
370 5218 457 5283 11111
488 5236 547 5297 ee,
577 5217 612 5283 in
644 5152 799 5283 Ecclhsia
830 5227 931 5283 esset
982 5217 1035 5281 Ad
1062 5214 1153 5281 hune
1174 5176 1180 5327 l
1202 5218 1340 5302 erigitur
1373 5231 1405 5284 et
1433 5217 1617 5287 riuilicetur
1642 5154 1728 5298 ilde,
1756 5221 1903 5305 concipit
1929 5221 2078 5305 spiritum
2106 5242 2185 5289 san·

169 5304 309 5373 nodrn‘
323 5304 543 5372 duacenae
562 5313 598 5370 11
616 5313 829 5373 1111111111
850 5302 1058 5389 maximeque
1069 5299 1151 5367 hiis·
1174 5332 1179 5366 1
1201 5316 1306 5377 ctum,
1328 5305 1385 5390 qui
1412 5317 1553 5371 renouat
1573 5325 1655 5386 nos,
1677 5316 1714 5372 11
1734 5304 1845 5393 legem
1865 5304 1979 5373 facere
1999 5309 2185 5394 possimus,
