4756 6194
178 381 244 450 ttl
524 375 567 443 ll.
611 371 842 443 arenosis
866 371 1189 442 CONFESSIONIS
1209 366 1527 439 secueram.
1571 366 1612 435 li.
1661 367 1854 441 aerem.
2136 373 2205 439 tau
2298 420 2306 434 .

100 574 104 587 “
179 569 239 637 ὼ(
266 566 367 633 nobis
394 516 568 631 victoriam
596 583 658 649 per
678 560 859 628 Dominum
886 569 1037 626 nostrum
1057 558 1166 626 lesum
1218 561 1308 639 eius,
1335 556 1404 624 hoo
1423 568 1493 637 est,
1515 567 1653 643 propter
1675 575 1769 637 eum,
1790 518 1874 645 ergo
1895 579 1962 624 non
1984 572 2122 647 propter
2143 582 2202 627 no·

81 718 84 723 .
179 653 369 730 Christum,
397 651 432 716 id
453 660 521 728 est,
542 659 718 734 peccatum
739 643 972 731 perterrefacit
990 647 1166 712 conscien-
1218 656 1290 711 stra
1329 645 1467 723 merita,
1516 663 1582 709 non
1614 653 1750 729 propter
1776 656 1925 710 nostram
1958 646 2204 729 contritionem,

177 740 257 806 ties·
308 737 345 803 ld
377 736 414 801 fit
445 756 508 820 per
533 733 660 821 legem,
692 752 779 819 quae
806 732 953 798 ostendit
985 733 1068 796 iram
1101 730 1167 798 Dei
1218 730 1439 808 attricionem,
1462 726 1689 807 dilectionem,
1712 726 1840 808 cultus,
1868 749 1982 814 opera.
2031 731 2074 798 Et
2100 735 2205 815 addit,

178 825 346 892 aduersus
376 831 570 908 peccatum,
609 819 672 884 sed
704 818 866 885 vincimus
893 838 956 901 per
984 814 1166 882 Christum.
1218 836 1295 884 cnm
1315 816 1483 880 credimus
1504 816 1539 880 in
1559 835 1646 882 eum.
1689 813 1740 880 Rc
1763 815 1840 880 uirit
1862 816 1964 902 igitur
1985 815 2093 884 fidem.
2134 819 2202 884 Ne·

179 907 380 984 Quomodo?
397 907 489 985 lide,
518 924 594 971 cum
622 905 781 990 erigimus
801 922 865 969 nos
888 902 1008 970 iiducia
1026 902 1167 988 promis·
1217 921 1284 987 que
1309 902 1396 965 enim
1430 919 1611 986 possumus
1647 920 1690 986 ap
1775 902 1899 967 endere
1928 923 2048 968 nomen
2077 902 2202 970 Christi

180 1016 242 1062 sae
274 993 523 1059 misericordiae
561 1011 624 1075 pro
648 1002 701 1055 ter
734 987 916 1055 Christum.
972 986 1031 1053 Sic
1065 989 1167 1075 igitur
1216 987 1282 1053 nisi
1308 986 1386 1051 fide.
1441 986 1622 1052 Praeterea
1707 997 1786 1073 eget
1818 1007 2024 1053 consensum
2057 990 2202 1055 omniurn

179 1081 364 1167 probamus
396 1079 565 1143 minorem.
649 1097 671 1141 a
693 1074 759 1140 Dei
785 1095 855 1140 non
912 1084 1000 1139 otest
1026 1070 1168 1159 placeri,
1217 1071 1469 1156 Prophetarum.
1528 1070 1603 1138 Hoc
1639 1093 1721 1138 vere
1754 1084 1807 1138 est
1838 1070 1989 1160 ellegere
2027 1073 2204 1141 Ecclesiae

179 1168 211 1234 ei
244 1183 452 1250 opponamus
479 1175 601 1227 nostra
621 1180 743 1247 opera,
771 1163 849 1244 quie
867 1095 1022 1226 Claristus
1044 1179 1166 1243 propo·
1216 1159 1442 1237 autoritatem,
1471 1158 1533 1222 sed
1561 1159 1604 1223 dc
1624 1159 1692 1223 hoc
1718 1155 1796 1225 loco
1818 1157 1906 1224 inira
1927 1161 1970 1225 de
1991 1162 2205 1247 poenitencia

180 1253 265 1317 situs
296 1260 351 1314 est
376 1249 602 1334 propicietur,
627 1258 665 1311 vt
692 1255 828 1328 propter
849 1246 959 1330 ipsum
981 1243 1040 1309 liat
1067 1245 1166 1309 nobis
1216 1263 1337 1310 rnrrus
1357 1243 1533 1309 dicendum
1555 1244 1629 1308 erit.

178 1334 335 1423 placatus
357 1344 463 1418 pater.
510 1331 665 1398 Christus
686 1341 796 1397 autern
817 1351 885 1396 non
907 1329 1167 1414 apprehenditur
1285 1327 1445 1402 Quarto.
1495 1328 1663 1394 Remissio
1701 1340 1917 1413 peccatorum
1950 1344 2003 1396 est
2035 1351 2093 1398 rcs
2125 1353 2203 1418 pro·

179 1433 337 1506 tanquam
364 1420 528 1484 mediator
554 1417 621 1481 nisi
648 1415 723 1482 lide.
773 1414 876 1503 igitur
901 1413 976 1480 sola
997 1414 1066 1480 iide
1087 1433 1167 1482 con·
1217 1416 1322 1480 missa
1343 1425 1482 1563 propter
1504 1412 1684 1481 Christum.
1735 1414 1840 1500 igitur
1860 1436 1929 1482 ron
1951 1427 2063 1501 potest
2084 1420 2204 1505 accipi,

179 1508 351 1593 sequimur
378 1504 606 1569 remissionem
633 1514 866 1586 peccatorum,
905 1521 980 1566 cam
1007 1501 1183 1588 erigimus,
1216 1502 1281 1565 nisi
1311 1519 1387 1566 soa
1414 1499 1491 1565 fide.
1543 1499 1627 1566 Nem
1648 1501 1828 1584 promissio
1855 1505 1962 1589 accipi
1989 1523 2057 1568 non
2079 1516 2203 1588 potest,

180 1594 285 1658 corde
312 1589 435 1658 fiducia
456 1589 707 1655 misericordiae
731 1598 871 1674 propter
897 1585 1066 1653 Christum
1088 1606 1165 1670 pro·
1216 1587 1283 1651 nisi
1305 1582 1381 1650 soie
1401 1585 1478 1650 fide.
1522 1584 1640 1651 Rome.
1662 1587 1720 1669 iiij.
1763 1587 1842 1653 ideo
1864 1607 1906 1654 ex
1928 1590 2007 1668 fide,
2029 1599 2063 1654 rt
2086 1591 2129 1655 sit
2151 1590 2203 1655 iir-

180 1679 315 1743 missae.
1216 1691 1271 1737 nra
1297 1672 1495 1756 promissio,
1521 1673 1705 1739 secundum
1733 1674 1890 1758 gratiam,
1918 1678 2014 1760 quasi
2037 1676 2143 1753 dicat,
2166 1676 2205 1743 st

266 1762 349 1826 item
376 1757 502 1826 Paulus
535 1757 644 1826 Roma
664 1780 697 1824 v.
726 1760 784 1825 ait.
833 1756 900 1824 Per
925 1757 1035 1843 ipsum
1063 1753 1165 1824 habc-
1217 1758 1379 1843 penderet
1396 1778 1453 1822 res
1476 1777 1520 1821 ex
1541 1758 1670 1823 meritis
1693 1760 1837 1839 nostris,
1864 1761 1991 1826 incerta
2017 1773 2050 1826 et
2078 1760 2204 1827 inutilis

179 1868 254 1914 mus
272 1865 449 1913 accessum
471 1845 515 1911 ed
536 1842 688 1917 Patrem,
711 1855 745 1911 et
765 1844 857 1910 addit
879 1843 1072 1928 perfidem.
1107 1842 1165 1908 Sic
1217 1855 1311 1909 esset
1330 1842 1528 1926 promissio,
1558 1844 1636 1928 quia
1664 1865 1831 1930 nunquam
1860 1848 2064 1912 constituere
2085 1867 2204 1930 posse·

178 1934 280 2020 igitur
300 1929 559 1998 reconciliemur
572 1933 671 2016 patri,
694 1943 727 1997 et
742 1931 924 2015 accipimus
934 1930 1165 1995 remissionem
1216 1949 1310 2006 mus,
1343 1931 1477 2013 quando
1504 1929 1588 1995 satis
1616 1931 1723 1994 meriti
1757 1949 1920 1997 essemus.
1973 1931 2075 2018 idque
2104 1930 2205 2000 facile

178 2029 407 2106 peccatorum,
428 2018 562 2101 quando
584 2017 742 2101 erigimur
764 2015 886 2082 iidncia
902 2017 1090 2099 promissae
1106 2016 1165 2080 mi·
1216 2011 1402 2100 intelligere
1429 2025 1554 2100 queunt
1579 2015 1706 2099 peritae
1736 2018 1974 2083 conscientiae.
2019 2018 2098 2084 ideo
2120 2018 2203 2086 Pau·

178 2104 384 2171 sericordiee
404 2113 541 2186 propter
564 2101 745 2168 Christum.
776 2101 973 2187 Aduersarij
993 2098 1164 2166 Christum
1216 2097 1270 2166 lus
1290 2101 1336 2164 eit
1359 2098 1471 2165 Galat.
1489 2102 1536 2183 iij.
1586 2089 1761 2166 Conclusit
1783 2099 1879 2169 Deus
1907 2104 2017 2169 omnia
2039 2107 2103 2170 sub
2124 2126 2203 2190 pec·

177 2191 226 2256 ita
254 2187 445 2274 intelligunt
476 2188 694 2253 mediatorem
716 2199 752 2253 et
782 2187 1040 2272 propiciatorem
1074 2205 1164 2265 esse,
1217 2195 1341 2263 cetum,
1361 2197 1399 2251 vt
1417 2187 1597 2269 promissio
1620 2207 1663 2251 ex
1686 2186 1752 2252 fide
1773 2189 1850 2253 iesu
1866 2187 1989 2254 Christi
2012 2191 2110 2256 detur
2131 2211 2204 2256 cre·

178 2276 257 2362 quia
278 2274 436 2339 meruerit
457 2271 605 2338 habitum
626 2272 827 2351 dilectionis,
849 2292 918 2339 non
939 2273 1055 2338 iubent
1075 2291 1166 2339 nunc
1217 2271 1382 2349 dentibus.
1431 2270 1495 2335 Hic
1521 2271 1667 2336 detrahit
1694 2274 1845 2340 meritum
1873 2277 1990 2354 nobis,
2019 2276 2097 2361 quia
2125 2277 2205 2342 dicit

179 2381 221 2428 eo
243 2363 289 2427 vti
311 2361 513 2436 mediatore,
542 2361 604 2424 sed
626 2380 768 2444 prorsus
790 2357 923 2445 sepulto
946 2356 1081 2423 Christo
1103 2357 1165 2422 fin·
1217 2376 1333 2422 omnes
1376 2376 1456 2423 reos
1491 2376 1590 2435 esse,
1632 2369 1666 2424 et
1704 2357 1887 2425 conclusos
1919 2363 1981 2427 suh
2014 2373 2203 2447 peccatum,

179 2460 263 2534 gmrt
290 2465 355 2510 nos
384 2443 511 2510 habere
534 2463 711 2511 accessum
739 2464 800 2530 per
821 2444 958 2529 proprie
979 2463 1101 2528 opera,
1130 2452 1166 2508 et
1217 2443 1337 2509 deinde
1370 2442 1462 2507 addit
1490 2442 1763 2526 promissionem,
1795 2443 1967 2527 videlicet,
1997 2448 2203 2513 remissionis

223 2554 240 2596 r
260 2532 347 2597 haec
368 2530 517 2596 habitum
537 2527 629 2596 illum
646 2533 779 2609 mereri,
801 2541 834 2594 ct
850 2541 970 2614 postea
987 2526 1165 2596 dilectione
1216 2539 1442 2613 peccatorum,
1465 2539 1499 2592 et
1520 2525 1764 2595 iustificationis
1787 2532 1870 2608 dari,
1892 2543 1926 2597 et
1943 2534 2047 2612 addit,
2068 2553 2204 2618 quomo

257 2617 422 2683 accedere
444 2616 488 2680 ad
505 2614 626 2682 Deum.
641 2619 695 2695 ⁵⁸)
744 2619 799 2684 An
820 2636 888 2680 non
909 2626 962 2681 est
982 2615 1050 2682 hoc
1068 2634 1165 2700 pror·
1216 2616 1261 2682 do
1290 2615 1396 2699 accipi
1424 2615 1603 2699 promissio
1630 2618 1749 2700 possit,
1771 2615 1941 2696 videlicet,
1965 2619 2044 2686 fide.
2088 2619 2202 2705 Atque

178 2722 239 2770 sus
273 2698 419 2786 sepelire
447 2699 636 2782 Christum,
670 2714 705 2768 et
736 2713 840 2769 totam
873 2701 951 2767 iidei
980 2701 1165 2767 doctrinam
1215 2700 1301 2765 haec
1333 2701 1419 2764 ratio
1452 2711 1585 2784 sumpte
1618 2719 1661 2765 ex
1693 2713 1813 2768 natura
1845 2704 2079 2788 promissionis
2113 2706 2204 2789 apud

178 2785 321 2855 toliere‘i
374 2783 502 2853 Paulus
532 2799 671 2854 econtm
692 2784 793 2855 docet
814 2807 879 2854 nos
900 2788 1027 2854 hahere
1049 2805 1165 2854 acces·
1216 2783 1357 2852 Paulmn
1377 2786 1558 2870 praecipua
1581 2795 1651 2863 est,
1683 2796 1718 2852 et
1746 2806 1851 2872 saepe
1871 2792 2040 2875 repetitur.
2085 2790 2205 2877 Neque

178 2893 271 2953 sum,
302 2872 371 2939 hoo
390 2884 462 2950 est,
494 2873 798 2940 reconciliationem
812 2877 866 2953 57)
899 2893 963 2960 per
983 2870 1166 2950 Christum,
1216 2871 1414 2957 excogitari,
1441 2890 1550 2956 neque
1577 2869 1660 2958 fingi
1681 2873 1860 2977 quidquem
1882 2886 2012 2959 potest,
2046 2895 2112 2961 quo
2135 2875 2204 2943 hoo

177 2959 222 3026 Et
248 2970 284 3025 vt
310 2957 505 3024 ostenderet
530 2960 698 3045 quomodo
720 2960 755 3025 id
776 2959 852 3038 iiat,
878 2960 971 3026 addit
992 2960 1084 3045 quod
1104 2976 1165 3044 per
1216 2954 1312 3022 Pauli
1339 2967 1571 3042 argumentum
1600 2969 1705 3023 euertr
1732 2971 1842 3044 queat.
1887 2959 2033 3027 Proinde
2053 2982 2122 3027 non
2143 2981 2204 3047 pa·

177 3044 277 3112 iidem
309 3045 494 3110 habeamus
531 3064 720 3112 accessum.
774 3045 858 3110 Fide
895 3046 995 3131 igitur
1027 3055 1167 3194 propter
1217 3044 1348 3110 ciantrm
1369 3061 1409 3107 se
1429 3044 1540 3109 bonae
1561 3055 1691 3109 mentes
1714 3042 1836 3129 depelli
1858 3048 1901 3111 ab
1916 3050 1970 3124 69)
1991 3047 2057 3114 hac
2071 3059 2203 3114 senten·

179 3129 350 3198 Christum
367 3130 548 3213 accipimus
569 3131 801 3197 remissionem
822 3141 1048 3214 peccatorum.
1120 3149 1165 3196 on
1217 3130 1280 3207 oia,
1302 3128 1392 3214 quod
1413 3138 1539 3194 tantum
1561 3128 1628 3194 fide
1649 3130 1852 3215 accipiamus
1873 3134 2105 3200 remissionem
2124 3154 2203 3220 pro-

178 3235 361 3303 possumus
386 3215 457 3281 irae
479 3214 544 3280 Dei
570 3235 741 3301 opponere
769 3228 920 3282 nostram
942 3213 1166 3295 dilectionem,
1216 3226 1290 3300 pter
1312 3213 1495 3293 Christum,
1526 3214 1564 3280 ln
1595 3213 1662 3280 heo
1693 3214 1820 3283 habent
1852 3228 1977 3283 certam
2009 3230 2043 3284 et
2076 3217 2203 3285 firmam

180 3315 214 3370 et
235 3322 341 3389 opera
362 3312 491 3366 nostra.
1218 3296 1485 3365 consolationem
1506 3301 1671 3366 aduersus
1692 3303 1824 3387 peccati
1843 3313 2008 3385 terrores,
2032 3318 2065 3370 et
2086 3305 2203 3371 aduer-

264 3387 433 3493 §cmndo0
477 3384 614 3489 Certum
642 3397 696 3452 est
724 3397 865 3492 peccpte
889 3386 1011 3515 pemitti
1028 3396 1166 3472 propter
1216 3404 1278 3451 sus
1303 3397 1475 3451 aeternam
1501 3397 1657 3467 mortem,
1690 3399 1724 3453 et
1751 3389 1917 3456 aduersus
1946 3409 2063 3455 omnes
2084 3402 2202 3474 portas

176 3469 648 3643 llilpllllrllrpetlltpllllllstllllnm.
666 3471 937 3624 Rllnlliitullrlenl
955 3471 1165 3642 Pfflppr
1214 3467 1524 3624 insergffl.wem
1549 3554 1624 3623 sola
1653 3557 1720 3624 fide
1746 3559 1949 3643 accipiamus
1970 3560 2201 3628 remissionem

176 3646 287 3712 iidem.
320 3643 437 3730 ltaque
458 3644 504 3708 ite
517 3646 572 3721 ⁵⁸)
594 3645 693 3711 nohis
715 3645 854 3729 prodest
875 3642 931 3710 hic
947 3645 1165 3728 propicietur,
1215 3655 1431 3728 peccatorum
1453 3655 1487 3708 et
1509 3643 1658 3726 spiritum
1687 3654 1852 3722 serictum,
1866 3648 1919 3723 ⁰⁰)
1947 3644 2023 3710 sola
2045 3645 2129 3710 tides
2152 3647 2200 3712 iu·

177 3753 255 3798 cum
280 3729 347 3795 lide
375 3728 656 3814 apprehendimus
679 3731 879 3814 promissam
905 3731 941 3795 in
971 3749 1012 3795 co
1035 3730 1164 3794 miseri-
1215 3726 1356 3804 stificat,
1389 3729 1468 3812 quia
1497 3724 1702 3793 reconciliati
1734 3739 1932 3812 reputantur
1963 3731 2042 3795 iusti
2075 3742 2109 3796 et
2138 3729 2198 3816 fiiij

177 3815 339 3891 cordiam,
367 3825 399 3879 et
417 3812 617 3898 opponimus
640 3834 713 3879 eam
728 3815 801 3880 irae
817 3834 859 3879 ac
882 3815 1005 3881 iudicio
1020 3812 1099 3892 Dei,
1121 3813 1165 3879 Et
1215 3811 1299 3889 Dei,
1321 3832 1389 3877 non
1411 3825 1551 3898 propter
1573 3832 1668 3877 snam
1689 3814 1906 3894 mundiciem,
1929 3817 1991 3881 sed
2012 3835 2073 3901 per
2101 3818 2199 3883 mise·

176 3902 212 3967 in
234 3899 374 3965 eandem
393 3900 599 3964 sentenciam
622 3901 783 3983 scriptum
810 3911 864 3964 est
884 3902 928 3964 ad
950 3899 1082 3965 Ehreos
1104 3900 1163 3980 iiij.
1215 3897 1392 3964 ricordiem
1414 3910 1551 3983 propter
1573 3895 1755 3977 Christum,
1776 3901 1806 3964 si
1828 3911 1939 3967 tamen
1960 3902 2050 3967 hanc
2070 3903 2200 3969 miseri·

177 3985 350 4052 Habentes
377 3982 575 4049 Pontificem
602 3995 669 4050 etc.
697 3985 899 4051 accedamus
929 4004 1003 4050 cum
1032 3982 1164 4049 fiducia.
1216 3983 1364 4049 cordiam
1390 3981 1457 4049 flde
1483 3982 1744 4069 apprehendent.
1799 3983 1946 4072 ideoque
1968 3989 2134 4073 scriptura
2152 4000 2200 4056 te·

176 4071 273 4139 iubet
293 4071 379 4136 enim
401 4069 565 4136 accedere
586 4070 630 4134 ad
651 4069 773 4148 Deum,
796 4087 864 4134 non
886 4068 1010 4134 fiducie
1031 4079 1165 4134 nostro·
1215 4079 1323 4133 statur
1344 4070 1434 4154 quod
1456 4070 1522 4135 fide
1539 4071 1616 4135 iusti
1639 4081 1838 4154 reputemur.
1875 4073 2080 4156 Adijciemus
2098 4075 2200 4160 igitur

176 4179 251 4226 rum
271 4155 475 4234 meritorum,
497 4156 558 4220 sed
580 4154 702 4221 iiducia
714 4154 886 4221 Pontificio
897 4153 1034 4232 Christi,
1055 4154 1163 4241 reqni·
1215 4154 1404 4220 testimonie
1433 4175 1521 4240 quae
1550 4155 1643 4222 ciere
1668 4158 1906 4240 pronuncimrt,
1934 4162 2024 4244 qnod
2046 4159 2131 4225 tides
2156 4160 2200 4226 sit

176 4245 220 4309 rit.
241 4245 251 4307 i
279 4243 344 4309 'tur
362 4240 491 4306 iidem·
1214 4240 1290 4322 ipsa
1323 4241 1469 4314 iusticia,
1502 4261 1569 4326 qua
1582 4246 1635 4320 ⁶¹)
1664 4261 1779 4310 coram
1800 4241 1875 4309 Deo
1902 4243 1981 4310 iusti
1997 4257 2199 4331 reputamur.

292 4329 386 4393 ertio.
431 4325 553 4392 Petrus
580 4326 615 4391 in
636 4327 734 4393 Actis
756 4324 838 4413 Cap.
861 4348 896 4391 x.
939 4325 1026 4394 Huic
1046 4344 1164 4391 omnes
1215 4321 1370 4391 videlicet
1391 4345 1478 4404 non,
1507 4328 1585 4413 quia
1606 4329 1650 4392 sit
1670 4346 1756 4412 opus
1777 4347 1838 4413 per
1862 4346 1941 4395 sese
1962 4331 1994 4394 di
2041 4351 2109 4410 nm,
2129 4332 2199 4398 Sed

177 4411 368 4500 Prophetae
388 4413 613 4479 testimonium
628 4413 817 4497 perhibent,
839 4413 1071 4480 remissionem
1085 4431 1164 4497 pec·
1213 4411 1291 4496 quia
1313 4412 1434 4495 accipit
1453 4412 1709 4497 promissionem
1730 4433 1797 4499 qua
1818 4412 1913 4481 Deus
1936 4435 1981 4501 po
2012 4415 2107 4482 'citus
2130 4428 2195 4496 est,

178 4501 763 4671 thlitttttttttttt.
778 4499 1069 4651 {mentiti
1091 4515 1163 4649 tt
1212 4496 1306 4647 itti
1326 4508 1473 4649 tttt
1480 4495 1944 4672 immisistis}
1962 4503 2199 4653 ‘stitit

415 4631 424 4649 ·
1481 4628 1492 4662 2

177 4672 370 4738 missionem
390 4681 607 4755 peccatorum
630 4671 813 4756 accipimus
835 4670 941 4756 inquit
959 4688 1020 4755 per
1041 4686 1163 4736 nomen
1212 4663 1440 4819 ppbirpdigamctrps
1457 4689 1481 4734 a
1493 4666 1581 4750 Deo,
1603 4672 1779 4757 sapientia,
1800 4673 1943 4753 iusticia,
1964 4671 2198 4754 sanctificatio,

1385 4775 1466 4840 pro·
1848 4794 1850 4798 ·

176 4959 228 5028 bd)
246 4961 386 5012 diiccdone
401 4962 449 5013 ilia
465 4960 593 5013 accedere
610 4960 646 5011 ad
663 4957 770 5028 Deum]
795 4957 878 5013 iiditt.
904 4961 991 5012 Η(
1021 4959 1161 5011 diiaoflcne

246 5030 342 5081 aerea
359 5044 449 5096 recem
468 5031 654 5082 emoneoe.
1212 5042 1262 5110 ao)
1279 5041 1325 5108 eo}
1343 5043 1397 5095 ne.
1416 5046 1442 5095 e
1460 5054 1515 5112 cyp.
1535 5060 1600 5099 em
1617 5060 1649 5098 aa

178 5117 227 5182 ti)
245 5117 498 5184 reconciliationem]
517 5116 602 5167 Editt.
621 5115 710 5167 Η(
729 5127 819 5181 paoem
1211 5127 1261 5195 do)
1280 5135 1308 5180 et
1323 5130 1445 5194 spiritum
1462 5134 1600 5200 ameum]
1617 5133 1699 5188 iiditt.
1719 5135 1812 5187 Η(
1832 5142 1859 5186 at
1875 5137 2112 5190 reconciliationem
2134 5152 2195 5203 pro·

178 5203 244 5270 bis)
261 5201 354 5255 Roma
371 5201 424 5272 iii]
441 5201 493 5254 Ed.
510 5203 550 5254 &r
567 5200 701 5253 Bomos
717 5202 743 5253 3.
813 5248 815 5252 .
1284 5205 1344 5264 pter
1361 5195 1503 5263 Christum,

178 5286 227 5356 bi)
243 5286 294 5359 ita]
311 5290 339 5340 ic
354 5288 437 5341 liditt
456 5289 534 5339 2-4.
552 5286 628 5342 deas.
1211 5282 1260 5352 tl)
1281 5281 1344 5350 qna]
1362 5281 1413 5337 ild.
1432 5281 1459 5337 3.
1477 5291 1530 5353 tpp.
1550 5301 1613 5340 σπι
1631 5301 1698 5353 quas
