4756 6194
127 354 196 422 305

128 542 268 595 mmfesta
284 557 326 592 res
344 550 391 604 cst,
409 548 437 591 vt
453 556 508 592 noa
524 539 608 590 solum
627 537 711 587 oeulis
728 535 814 595 serui,
832 537 879 587 sed
904 538 1025 589 manibus
1043 552 1108 603 quo·

128 627 178 678 que
198 612 328 677 prehendi
353 621 443 677 queat,
465 611 537 676 quod
559 623 612 658 uon
635 605 808 657 iustideentur
835 603 952 656 homiues
976 607 1107 670 applicato

128 681 215 731 alieno
233 694 314 745 opere
332 690 379 730 aut
399 682 493 730 merito
515 681 571 728 siue
594 676 656 726 ilde.
691 673 744 725 Res
768 682 886 723 versatur
909 675 943 724 ob
968 674 1059 725 oculos
1082 681 1109 724 et

127 749 314 810 intermunus,
332 763 411 812 quare
428 748 566 797 manifesto
584 750 695 804 constat,
715 744 737 807 i)
756 743 826 808 quod
843 744 889 793 illa
906 759 966 807 pars
982 743 1108 806 Cononis,

128 833 196 882 quae
210 817 238 881 b)
262 817 357 866 Missas
378 816 430 865 hoo
451 816 530 865 modo
553 814 666 879 applicat
687 826 735 876 pro
756 811 823 860 riuis
841 818 869 859 et
890 813 1015 873 mortuis,
1040 812 1109 877 (fol.

127 887 197 952 eth)
216 886 356 935 dissentiat
371 898 425 934 nou
442 885 572 947 abaliquo
589 897 641 932 raa
659 881 682 946 Ι)
702 881 863 930 sentenciola
875 880 1023 945 Euangelij‚
1040 893 1109 945 quae

128 970 183 1004 non
201 955 237 1002 sit
253 956 340 1017 magui
357 953 490 1012 momenti,
508 952 554 1001 sed
573 966 589 999 a
606 950 745 1015 praecipuo
770 950 830 999 loco
856 948 1010 1015 Euangelij,
1036 949 1109 1011 vide·

128 1017 225 1073 licata
248 1029 307 1072 tota
324 1020 444 1071 doctrina
462 1021 495 1070 de
512 1020 617 1070 iusticia
634 1018 704 1082 tidej.
739 1015 818 1076 Quod
836 1033 894 1067 cum
912 1019 952 1068 ita
968 1021 1011 1078 sit,
1030 1019 1109 1066 venia

129 1091 217 1141 danda
241 1098 280 1140 est
301 1091 410 1151 nasum,
438 1089 507 1152 quod
534 1091 702 1139 autoritatem
727 1084 865 1152 Euangelij
892 1087 974 1151 pluris
1000 1086 1108 1146 iaciunt,

129 1174 205 1225 quam
223 1159 388 1209 autoritatem
405 1159 523 1219 muenia,
541 1157 694 1220 praesertim
712 1168 770 1202 eum
794 1153 925 1204 fateantur
949 1169 1054 1217 omnes,
1077 1153 1107 1204 il·

128 1228 181 1279 lam
197 1233 298 1291 partem
316 1227 424 1279 muenia
443 1225 556 1275 humana
573 1225 716 1274 autoritate
739 1221 835 1272 iactam
861 1236 932 1285 esse,
956 1232 984 1273 et
1007 1232 1109 1288 semper

130 1295 268 1347 dissimiles
286 1294 409 1354 Cauones
425 1295 455 1344 iu
471 1293 594 1343 Ecclesia
611 1294 737 1342 exausse.
773 1290 884 1354 Oportet
907 1300 993 1342 autem
1010 1293 1109 1343 autori·

129 1365 177 1414 tati
194 1364 323 1412 humanae
341 1362 474 1426 praeferre
492 1363 589 1412 clarum
608 1370 634 1410 et
651 1368 749 1410 eertum
764 1360 938 1410 testimouium
955 1361 1107 1425 scripturae.

130 1432 197 1497 (fol.
215 1431 282 1495 46⁸)
301 1429 373 1491 Quid
391 1437 513 1494 poterunt
532 1430 626 1481 afferre
643 1429 802 1494 aduersarii,
825 1443 974 1494 quanquam
991 1430 1044 1479 siut
1060 1431 1108 1480 im·

90 1542 95 1549 .
128 1500 264 1565 pudentes,
281 1507 374 1549 eontra
391 1507 444 1548 tam
461 1498 625 1549 manifestam
642 1499 799 1548 veritatemi
833 1497 885 1546 Res
907 1500 945 1548 ita
962 1499 1041 1562 plana
1058 1504 1108 1559 est,

128 1578 159 1619 rt
175 1584 208 1618 ue
226 1568 329 1633 quidem
347 1568 503 1632 inspeciem
527 1568 644 1617 cauillari
668 1569 803 1630 quisquam
827 1568 919 1631 possit.
955 1569 1021 1618 Cum
1043 1567 1109 1617 fides

130 1636 260 1698 iustificat,
278 1637 358 1701 impia
375 1644 401 1685 et
417 1636 551 1686 haeretica
567 1637 701 1685 sentencia
717 1642 770 1695 est,
788 1634 859 1699 quod
876 1636 957 1685 missa
978 1636 1109 1699 applicata

128 1705 205 1755 alteri
222 1719 256 1754 ex
274 1719 353 1768 opere
371 1712 480 1769 operato
499 1704 621 1753 iustiileet
639 1718 706 1753 eum.
742 1702 829 1762 Quare
853 1718 911 1752 cnm
936 1703 1040 1765 defendi
1063 1718 1108 1768 ap·

146 1773 242 1823 licacio
260 1788 315 1822 nou
334 1776 431 1837 possit,
453 1787 551 1836 magua
578 1780 604 1821 et
626 1773 713 1834 grauis
737 1786 816 1821 causa
837 1780 888 1832 ost,
912 1787 958 1822 cur
980 1773 1027 1822 llla
1047 1785 1109 1838 pars

128 1789 257 1903 lenonis,
274 1855 340 1905 quae
357 1842 562 1908 applicationem
580 1842 704 1900 continet.
722 1842 866 1891 ominatur.
879 1840 928 1906 ΙΙ5)]

216 2026 298 2110 (sal.
320 2025 378 2091 47·
398 2026 493 2103 med.)
515 2027 552 2090 si
574 2045 672 2112 quem
695 2036 803 2092 autem
820 2022 978 2091 fortassis
999 2045 1110 2093 moue·

129 2113 178 2178 bit
198 2131 320 2177 nomen
342 2107 513 2198 liturgiae,
541 2112 695 2189 isseiat,
720 2112 794 2177 eius
825 2111 983 2178 vocabuli
1012 2132 1110 2178 vsum

128 2196 292 2264 latissime
318 2207 452 2282 petere,
483 2216 548 2262 uec
580 2196 773 2284 significare
800 2192 1022 2277 oblatiunhm,
1049 2198 1111 2263 sed

127 2283 163 2349 in
185 2302 310 2371 genere
331 2282 648 2348 adurinistratiouem
670 2302 731 2348 seu
758 2279 980 2363 functionem,
1001 2303 1111 2370 neque

127 2387 261 2434 moram
294 2377 438 2448 tantum,
471 2369 532 2432 sed
561 2370 658 2435 auam
689 2366 830 2434 ciuilem.
881 2367 1041 2453 Exesnpla
1064 2371 1111 2433 in·

128 2453 223 2518 finita
255 2465 433 2535 occurrent
465 2451 652 2538 legentibus
711 2473 831 2519 mecca
858 2465 1005 2520 autores.
1034 2455 1110 2536 (soi.

129 2539 202 2617 til)
232 2538 276 2604 Et
297 2539 387 2624 apud
416 2535 675 2606 Demosthenem
712 2541 852 2625 ‘targiee
880 2541 979 2606 etiam
1006 2541 1110 2627 signi·

128 2622 232 2689 fleant
260 2644 364 2690 onera
394 2621 548 2708 publica,
582 2636 617 2691 et
635 2628 689 2703 ⁵⁸)
723 2625 862 2706 tribute,
895 2646 984 2713 quae
1017 2627 1136 2691 ciues

152 2710 277 2774 endunt
291 2713 344 2788 67)
373 2711 417 2773 ad
434 2729 517 2775 vaus
539 2707 754 2795 reipublicae.
799 2710 842 2776 Et
864 2713 898 2776 in
919 2711 985 2776 hac
1006 2712 1109 2798 signi·

127 2730 283 2859 flectione
300 2788 425 2860 Paulas
448 2794 513 2861 hae
535 2816 620 2862 voce
642 2793 820 2883 aliquoties
842 2798 954 2863 utitur.
985 2796 1024 2863 ΙΙ.
1047 2795 1110 2863 (lo-

128 2878 229 2946 rluth.
252 2878 309 2944 lX.
332 2880 375 2944 de
397 2877 587 2948 collatione
610 2878 856 2950 Corinthiorum
877 2885 941 2964 ait,
962 2883 1110 2949 Admini-

128 2966 247 3031 stratio
285 2963 385 3031 huius
423 2963 594 3050 liturgiae,
632 2968 667 3032 id
701 2979 754 3032 est
785 2966 883 3035 huius
917 2967 1020 3053 officij
1054 2964 1110 3036 vel

128 3047 339 3117 collacionis.
388 3050 458 3118 Sed
498 3051 585 3118 haec
622 3053 813 3136 reijciemus
846 3055 892 3120 ad
923 3055 1110 3141 grammati·

23 3204 33 3215 ι
79 3170 95 3199 ,Ι
127 3155 203 3202 003,
218 3139 271 3215 aa)

153 3497 177 3564 i)
196 3504 222 3546 et
238 3498 308 3546 iuter
324 3510 416 3547 manus
433 3523 467 3534 -
485 3495 607 3559 commu]
624 3497 652 3546 in
669 3496 786 3549 Ouold.
807 3495 904 3549 daem.

145 3581 328 3648 quuae1sc
345 3598 393 3632 non
410 3582 486 3632 solum
504 3581 622 3634 Ouold.
641 3587 665 3632 et
682 3580 810 3645 chytr,
828 3582 875 3634 sed
890 3583 965 3634 αι’ωι
983 3579 1109 3648 euers,

198 3665 341 3716 quamquam
359 3651 488 3700 Foerst.
505 3652 531 3700 in
551 3664 598 3699 rua
615 3647 665 3701 Ed.
683 3649 756 3702 buius
775 3649 836 3702 coe.
855 3649 968 3704 able:
987 3655 1048 3719 quia

154 3737 178 3802 1)
196 3734 258 3801 vua]
277 3733 310 3785 ab
328 3735 449 3785 Ouold.
468 3733 544 3786 abest.

137 3817 896 3956 aestumatissimus
910 3822 1109 3958 ueta

198 3957 243 4008 boe
263 3956 456 4008 addimentum
476 3959 503 4006 in
527 3955 669 4026 apographo
692 3955 790 4024 Spalat.
813 3965 960 4024 sequantur,
984 3958 1108 4009 Melan·
1133 3955 1138 4011 l

198 4029 274 4076 thou
293 4033 400 4078 estremo
417 4026 469 4076 ioco
479 4026 544 4090 solii
561 4025 609 4076 te·
622 4033 738 4093 tanquam
756 4027 886 4088 moden,
895 4030 938 4094 qui
947 4025 1050 4087 dicitur,
1063 4028 1109 4079 ad·

199 4096 299 4161 scripsit
316 4093 405 4146 reba:
424 4093 453 4144 Si
471 4110 546 4159 quem
566 4102 660 4158 autem,
679 4112 696 4144 a
712 4093 799 4160 quibus
816 4093 961 4163 subsequens
978 4096 1110 4163 porticula

199 4163 338 4233 apographi
354 4162 455 4229 spalat.
471 4164 518 4225 soi.
537 4163 585 4212 4⁷·
606 4164 668 4216 ned.
684 4163 791 4215 orditur.

129 4266 178 4332 56)
197 4264 235 4331 et]
253 4263 317 4316 hane
332 4281 413 4317 socen
430 4265 625 4316 Melanthea
641 4267 669 4314 in
690 4265 832 4333 apograplo
854 4264 954 4334 Spalot.
979 4266 1069 4320 &hou
1088 4274 1111 4318 et

198 4349 294 4453 1:qu
293 4334 411 4468 {elga
412 4336 526 4454 :gipsim
544 4341 573 4385 ut
590 4349 684 4400 operas
701 4343 742 4400 et,
759 4352 823 4402 quae
840 4337 915 4388 eiam
936 4337 965 4387 in
990 4335 1109 4388 Ouold.

131 4488 179 4554 57)
197 4487 324 4552 pendunt]
342 4487 405 4538 bane
422 4489 534 4555 forman
556 4488 696 4556 apoprapbi
717 4487 816 4556 spata.
840 4489 1037 4540 Melanthos
1059 4504 1111 4539 mu·

200 4556 320 4674 taohitbin:
337 4557 493 4622 pendebant,
510 4574 583 4625 quarn
591 4559 703 4625 sornam
726 4557 847 4610 Ouold.
870 4561 965 4626 quoque
988 4559 1016 4606 in
1040 4564 1112 4609 testu

200 4640 231 4676 es
253 4625 305 4677 'et.

128 4702 180 4776 58)’
197 4709 250 4762 Sed
269 4711 334 4760 haee
351 4712 425 4775 reije.
443 4713 478 4761 ad
492 4710 612 4777 gramm]
630 4710 692 4763 lace
708 4710 908 4761 Melanthon
925 4714 952 4762 in
969 4728 986 4760 a
1017 4710 1112 4778 propio

202 4777 301 4845 Spatat.
325 4775 350 4829 b.
373 4780 390 4832 l.
414 4779 502 4832 deleuit
524 4781 606 4846 (conf.
625 4789 707 4832 autent
724 4795 773 4848 seq.
798 4779 960 4832 metaneae·
976 4727 1040 4841 gis,
1067 4778 1111 4831 ubi

193 4848 255 4914 sere
273 4846 356 4898 eadem
374 4848 501 4914 lequntur)
520 4856 544 4902 et
559 4850 629 4914 infra
646 4847 706 4899 brec
719 4848 920 4915 deletoscripsit:
933 4843 1109 4918 lusoupyorirr·

199 4930 256 4965 των
286 4915 350 4982 (pro
372 4914 517 4984 λειτουργ.)
545 4921 660 4983 tanquan
686 4924 854 4982 arqumenturn
877 4933 972 4978 eorum,
1080 4920 1107 4968 in

201 4983 357 5049 subsequenti
366 4986 418 5049 sot.
437 4986 479 5035 48.
498 4985 534 5034 ad
549 4983 613 5035 bunc
629 4985 707 5035 locuni
724 5002 799 5035 maru
817 4987 924 5052 proprio
1003 4987 1008 4998 '
1030 4988 1054 5037 ’.

202 5050 242 5102 Ab
259 5052 378 5105 Ouold.
397 5061 490 5104 tantum
506 5052 567 5105 laec
585 5053 601 5103 5
617 5051 694 5105 seta
712 5053 744 5104 ab
760 5056 815 5120 ipso
833 5054 1049 5105 Melanthone
1067 5054 1108 5106 de·

202 5121 253 5172 leta
270 5120 366 5181 obcursu
384 5123 411 5172 iu
429 5122 539 5187 Chytr.
557 5138 615 5174 uero
631 5131 708 5189 neque
724 5120 785 5174 baec
803 5122 924 5190 tegamur,
941 5139 1017 5190 neque
1030 5140 1107 5191 prae·

497 347 538 415 11.
582 344 814 415 Menoeis
835 338 1153 413 comusstotito
1174 339 1495 411 tuenstuens.
1540 345 1583 409 A.
1629 342 1771 410 PRIOR

2074 346 2148 413 888

1228 532 1308 601 [Huic
1324 534 1376 584 loeo
1399 532 1597 583 Melanthea
1620 534 1648 583 in
1670 535 1850 586 retractatione
1873 534 2011 603 apographi
2036 534 2141 604 spata.

1158 605 1186 652 in
1196 603 1247 669 sol.
1266 604 1308 654 48.
1326 600 1367 652 lic
1383 604 1476 653 inserto
1493 619 1568 651 snanu
1583 603 1690 668 proprio
1701 603 1836 670 adscripsit
1848 602 1921 654 bores
1937 604 2140 673 mouumentum,

1159 671 1314 739 quodetiam
1331 672 1358 720 in
1377 670 1497 722 Ouold.
1514 670 1538 720 h.
1558 673 1573 722 i.
1594 672 1693 737 iegitur,
1712 689 1728 721 a
1747 672 1856 736 Chytr.
1875 688 1933 724 nero
1951 672 2033 724 abest:

1229 826 1295 892 (foi.
1314 826 1381 890 48⁸)
1400 825 1444 875 Ad
1460 824 1643 890 Philippenses
1663 827 1686 874 2.
1711 824 1806 876 Paulus
1830 833 1908 876 vocat
1931 827 2139 891 Epaphroditum

1161 897 1289 960 Liturgon
1307 909 1370 945 suae
1388 895 1560 945 amasium.
1580 894 1622 945 hic
1641 901 1712 944 certe
1729 910 1784 946 uon
1801 904 1887 959 potest
1904 895 2017 958 intelligi
2041 895 2140 945 sacrilb

1161 966 1242 1015 culus.

1229 1033 1294 1098 (joi.
1314 1033 1381 1095 485)
1400 1029 1479 1091 Quod
1498 1045 1561 1080 vero
1579 1045 1612 1080 ex
1631 1031 1708 1080 Actis
1725 1032 1846 1096 probant,
1864 1033 1975 1082 missam
1986 1047 2042 1081 esse
2061 1034 2140 1083 saeri-

1159 1101 1254 1163 dcium,
1273 1102 1333 1167 quia
1350 1101 1387 1150 ibi
1405 1101 1533 1165 reperitur
1557 1100 1664 1149 verbum
1687 1100 1878 1164 Liturgunton,
1906 1103 2059 1152 suauissima
2083 1103 2140 1151 ine·

1159 1171 1252 1236 ptiunt.
1289 1168 1444 1234 Quanquam
1463 1170 1533 1218 enim
1551 1183 1605 1217 non
1628 1168 1733 1217 dubium
1752 1177 1804 1231 est,
1828 1172 2022 1219 sanctosviros
2046 1171 2140 1219 Antio·

1160 1240 1234 1289 chiae
1252 1252 1331 1303 saepe
1349 1237 1494 1288 celebrasse
1513 1252 1622 1287 coenam
1640 1238 1754 1299 domiui,
1774 1245 1860 1288 tamen
1878 1253 1932 1287 non
1951 1239 2065 1302 loquitur
2084 1248 2141 1288 tex·
2197 1235 2209 1259 ⁰

1159 1314 1200 1358 tus
1217 1307 1250 1356 de
1268 1308 1326 1357 sola
1343 1321 1435 1367 coena,
1453 1306 1500 1356 sed
1519 1307 1553 1355 de
1570 1314 1626 1355 toto
1646 1307 1803 1369 ministerio,
1822 1307 1854 1357 de
1872 1308 2087 1372 praedicatione,
2106 1306 2141 1357 de

1159 1378 1284 1427 oracione
1301 1383 1328 1425 et
1347 1376 1379 1425 de
1397 1375 1581 1426 sacramentis.
1616 1374 1684 1425 Nam
1708 1376 1816 1424 verbum
1840 1377 1945 1439 liturgia
1961 1377 2093 1440 siguificat
2111 1378 2141 1426 in

1160 1459 1257 1509 genere
1275 1445 1454 1494 ministerium.
1490 1444 1525 1493 m
1543 1443 1638 1495 Graeci
1656 1459 1710 1493 nou
1733 1445 1817 1494 solum
1840 1445 1962 1506 Missam,
1987 1446 2033 1494 sed
2057 1447 2142 1495 eciam

1160 1514 1275 1564 officium
1292 1514 1466 1576 vespertinum
1484 1529 1501 1562 a
1519 1513 1617 1577 pellant
1634 1511 1786 1576 liturgiam.
1822 1512 1877 1564 Sed
1894 1515 1941 1564 has
1958 1516 2029 1562 rixas
2044 1514 2076 1563 de
2095 1527 2142 1564 uo·

1160 1583 1257 1633 cabulis
1276 1583 1422 1648 reijeiemus
1439 1583 1475 1632 ud
1517 1581 1692 1632 rammaticos.

1229 1717 1285 1769 Hoc
1302 1718 1493 1770 additamentam
1510 1716 1551 1768 lie
1568 1733 1620 1770 esse
1635 1719 1803 1778 maana,
1822 1718 2021 1781 Spalatinus
2044 1717 2140 1768 indita·
2241 1772 2245 1778 ,

1161 1787 1435 1906 ursatii·
1451 1785 1546 1915 titt·
1566 1787 2141 1906 ‘eaorutttuttut‘tti

1161 1941 1192 1975 ne
1210 1925 1286 1975 lector
1302 1926 1329 1974 in
1346 1872 1486 1985 dubioplit,
1510 1893 1629 1989 quaenam
1649 1921 1727 1974 rerba
1749 1921 1795 1973 boc
1818 1871 2141 1990 additamelltumprinpapos

1161 1992 1256 2060 grapho
1273 1991 1370 2060 Spalat.
1390 1992 1577 2058 subsequantur.
1603 1990 1723 2042 Extremo
1741 1993 1803 2042 enirn
1822 1993 1873 2041 boo
1882 1993 1947 2058 solii
1964 1994 2012 2042 seb
2026 2000 2143 2058 tanquam

1162 2062 1294 2122 masten,
1303 2063 1345 2128 qui
1362 2061 1464 2121 dicitu,
1483 2061 1617 2126 decripsit
1635 2058 1725 2112 serm:
1745 2060 1862 2120 sirecte,
1875 2079 1891 2110 α
1903 2060 2087 2126 quibusincipit
2105 2076 2143 2113 ae-

1162 2145 1236 2196 quent
1249 2130 1377 2196 particula
1393 2129 1435 2180 De
1453 2130 1529 2179 Votis
1546 2130 1677 2195 inscripta,
1694 2130 1766 2179 euius
1778 2131 1931 2195 principium
1941 2130 1992 2193 foi.
2012 2131 2060 2178 tto
2080 2128 2142 2180 med.

1162 2200 1262 2264 legitur.
1282 2225 1314 2236 —
1333 2199 1375 2250 De
1391 2206 1499 2264 tempore
1517 2204 1540 2248 et
1558 2197 1620 2258 loco,
1639 2213 1686 2263 quo
1704 2197 1903 2247 Melanthea
1928 2196 1988 2247 laec
2005 2196 2141 2258 addiderit,

1161 2268 1214 2317 oiri
1230 2266 1297 2317 docti
1313 2268 1379 2318 inter
1395 2282 1421 2317 ae
1439 2266 1592 2318 terminu.
1625 2266 1817 2317 Bertramus
1834 2267 1861 2315 iu
1877 2267 1893 2317 1.
1913 2263 1997 2318 iliter.
2015 2263 2140 2329 sirmii.

1162 2337 1187 2385 3.
1206 2333 1253 2388 68.
1276 2352 1301 2401 p.
1325 2338 1359 2385 44
1380 2351 1421 2400 sq.
1436 2341 1511 2401 putat
1517 2371 1525 2396 ‚
1549 2333 1595 2385 lsoo
1615 2334 1809 2386 addimentum
1833 2350 1887 2384 eun
1905 2336 2020 2400 praeisse
2039 2349 2143 2400 praeoe-

1162 2403 1283 2466 dentt'bus,
1301 2420 1365 2470 quae
1380 2406 1438 2454 item
1456 2420 1473 2452 a
1490 2402 1601 2467 chytr.
1622 2401 1712 2453 absunt
1735 2403 1812 2471 (eoru.
1835 2410 1886 2454 not.
1905 2404 1963 2466 58.)
1985 2419 2033 2452 non
2055 2405 2142 2469 Augu·

1162 2481 1217 2524 uae
1237 2472 1308 2524 Vind.
1322 2476 1349 2522 in
1367 2470 1489 2532 cenete,
1507 2471 1553 2522 sed
1568 2471 1619 2521 alio
1636 2471 1697 2538 loeo,
1714 2488 1761 2538 quo
1777 2471 1836 2522 inde
1851 2471 1951 2522 rediens
1970 2473 2142 2533 evomuerit,

1164 2559 1180 2592 a
1198 2541 1410 2592 Melanthoue
1428 2543 1480 2591 sori
1508 2556 1547 2589 uss
1565 2541 1928 2600 esse51loerstertannus
1952 2556 2010 2592 nero
2033 2541 2060 2589 in
2078 2538 2143 2589 Pro·
2231 2552 2239 2571 ·

1164 2611 1229 2676 legg.
1249 2611 1285 2660 ad
1301 2610 1449 2676 Apoiopiarn
1503 2608 1568 2659 dicis
1589 2607 1707 2660 Ouold.
1731 2609 1759 2658 in
1777 2610 1793 2660 l.
1812 2606 1965 2661 litiuubtub.
1983 2609 2018 2658 11.
2036 2624 2062 2672 p.
2080 2608 2142 2659 tto.

1161 2680 1273 2740 iudicat,
1291 2677 1354 2729 iane
1370 2694 1462 2744 quoque
1479 2679 1558 2728 beust
1579 2678 1711 2742 Augustae
1736 2675 1807 2727 tend
1832 2677 1864 2730 uh
1888 2685 1990 2728 amore
2013 2683 2144 2728 moratrea

1162 2762 1222 2808 este,
1240 2748 1355 2814 quonian
1371 2749 1398 2795 in
1417 2744 1477 2797 coe.
1496 2746 1617 2797 Onold.
1635 2747 1786 2812 reperiatur,
1804 2747 1847 2811 qui
1864 2747 1961 2811 integer
1978 2748 2005 2795 in
2018 2746 2065 2796 itta
2082 2743 2144 2797 urbe

1162 2818 1271 2884 wriptus
1287 2818 1332 2867 sit.
1351 2842 1385 2853 -
1403 2816 1445 2867 De
1462 2829 1521 2865 uoce
1539 2811 1700 2878 liturgia
1718 2816 1857 2880 consitor
1874 2813 1950 2866 Mei.
1971 2813 2084 2864 Cronia
2100 2813 2142 2866 ed.

1163 2884 1243 2937 Petet.
1265 2882 1291 2934 Τ.
1311 2883 1333 2934 Ι.
1352 2899 1378 2949 p.
1399 2885 1619 2948 transponere,
1643 2898 1707 2948 quae
1728 2884 1755 2933 in
1776 2880 1849 2934 buius
1874 2881 1948 2950 corp.
1978 2882 2029 2935 Vol.
2051 2881 2089 2932 11.
2112 2897 2143 2949 p.

1163 2954 1223 3004 ule.
1245 2967 1334 3004 recusa
1356 2958 1405 3015 est,
1432 2959 1456 3002 et
1480 2950 1555 3001 Mel.
1582 2951 1685 3018 qiaeia
1710 2950 1748 3002 ad
1770 2949 1941 3005 mariun
1964 2950 1989 3002 d.
2014 2951 2055 3001 13.
2077 2948 2143 3001 Nos.

1162 3024 1257 3090 tempta
1273 3023 1301 3072 iu
1319 3021 1372 3073 eod
1394 3020 1445 3072 Vol
1463 3020 1499 3069 11.
1512 3035 1541 3086 p.
1560 3017 1635 3085 stoi

1542 3254 1605 3322 De
1626 3255 1763 3323 Votis.

1248 3411 1331 3495 (sol.
1363 3410 1436 3490 tr)
1469 3409 1507 3476 si
1538 3421 1632 3478 recte
1663 3410 1886 3489 meminimus,
1918 3408 2004 3477 haee
2036 3411 2142 3475 verba

1162 3510 1257 3564 eraut
1277 3499 1312 3563 iu
1332 3493 1595 3578 confutueioue,
1623 3498 1713 3582 quod
1740 3505 1821 3562 vote
1847 3497 1914 3560 sint
1939 3494 2079 3560 fundata
2106 3496 2142 3560 in

1161 3584 1266 3651 veteri
1288 3605 1329 3650 ac
1350 3602 1441 3649 nouo
1469 3593 1677 3648 testamento.
1722 3580 1776 3646 De
1803 3582 1909 3645 veteri
1936 3579 2036 3664 paulo
2063 3591 2142 3665 post
2227 3644 2233 3651 ,

1160 3669 1447 3755 respondebimus.
1502 3666 1569 3733 Vbi
1606 3678 1716 3732 autem
1755 3667 1789 3731 in
1816 3685 1907 3731 nouo
1940 3677 2140 3732 testamento

1160 3758 1356 3840 probentur,
1378 3773 1445 3818 uon
1464 3753 1602 3830 scimus,
1623 3752 1689 3816 nisi
1709 3750 1869 3816 fortassis
1897 3753 1932 3817 in
1959 3751 2012 3816 his
2039 3750 2140 3833 locis,

1161 3841 1302 3907 Frustra
1331 3836 1446 3904 colunt
1467 3858 1520 3913 me
1543 3838 1709 3903 mandatis
1733 3836 1919 3918 hominum,
1952 3836 1995 3902 Et
2020 3837 2139 3904 Omnis

1161 3924 1335 4012 plantatio,
1361 3944 1462 4010 quam
1489 3942 1558 3987 non
1587 3919 1748 4006 plantauit
1776 3920 1878 3988 Peter
1906 3943 1999 3988 meus
2027 3920 2138 3990 coele·

1160 4014 1236 4089 stis,
1257 4010 1488 4075 eradicabitur.
1534 4008 1575 4074 Hi
1599 4007 1666 4074 loci
1686 4019 1779 4074 recte
1797 4010 1962 4094 quadrent
1984 4009 2027 4074 ad
2054 4011 2139 4076 haec

1160 4107 1250 4164 vota.
1294 4095 1337 4159 Et
1358 4095 1545 4160 huiusmodi
1567 4096 1747 4178 praeconia
1775 4091 1878 4159 multa
1900 4096 1941 4158 de
1963 4095 2139 4162 monachis

1162 4182 1267 4249 eciam
1288 4182 1505 4265 reperiemus,
1527 4192 1563 4244 vt
1591 4180 1729 4246 Matthei
1753 4179 1893 4244 xxiiia
1937 4179 2012 4244 Vae
2040 4182 2141 4249 vobis

1161 4267 1293 4332 scribae
1315 4278 1349 4331 et
1369 4265 1537 4351 pharisaei
1558 4265 1770 4350 hypocritae,
1794 4267 1871 4351 quia
1900 4263 2027 4330 similes
2055 4267 2138 4333 estis

1162 4350 1350 4438 sepulchris
1373 4351 1451 4434 (fol
1471 4351 1543 4428 te)
1571 4347 1753 4429 dealbatis,
1802 4372 1867 4417 uae
1895 4348 1978 4416 foris
2007 4353 2140 4436 quidem

1162 4449 1324 4525 apparent
1345 4439 1520 4522 speciosa,
1548 4438 1637 4501 intus
1664 4457 1746 4502 vere
1766 4371 1867 4521 dena
1896 4449 1974 4502 aunt
2002 4440 2139 4504 ossibus

1163 4540 1368 4590 mortuorum
1390 4537 1423 4587 et
1436 4524 1490 4601 69)
1510 4523 1729 4588 immundicie.
1773 4524 1830 4588 Sic
1844 4526 1898 4600 ⁶⁰)
1920 4534 1952 4587 et
1971 4543 2034 4588 vos
2056 4521 2140 4588 foris

1163 4611 1295 4697 quidem
1312 4610 1389 4673 iusti
1410 4610 1577 4693 apparetis
1589 4610 1791 4688 hominihus,
1811 4610 1900 4674 intus
1921 4619 2030 4674 autem
2049 4607 2140 4693 pleni

1162 4698 1245 4761 estis
1276 4694 1449 4781 hypocrisi
1476 4705 1510 4760 et
1535 4695 1798 4778 intemperantia.
1814 4698 1868 4772 61)
1913 4693 1950 4759 Si
1977 4696 2033 4780 qui
2061 4705 2141 4760 sunt

1160 4952 1208 5017 58)
1227 4951 1263 5017 et]
1286 4949 1350 5002 lato
1369 4966 1450 5003 socen
1473 4967 1491 5000 a
1513 4950 1695 5017 Spoletiuo
1719 4955 1747 5003 in
1768 4950 1912 5021 apogropbo
1936 4953 2050 5004 onumen
2072 4952 2139 5002 Me-

1228 5019 1371 5071 laothou
1388 5019 1482 5071 deinum
1498 5020 1642 5087 cacapite.

1159 5106 1208 5172 eo)
1225 5104 1282 5172 su]
1300 5105 1429 5170 onyca:
1446 5104 1521 5158 sieut

201 5189 328 5242 cedentim
346 5190 472 5257 Siquam
489 5198 576 5242 autem
593 5190 713 5242 fortassis
730 5193 849 5242 mauebit
864 5207 959 5244 nomeu
976 5193 1108 5257 liturgiae,
1159 5191 1208 5259 81)
1226 5206 1292 5256 quae
1314 5192 1379 5242 toris
1404 5192 1510 5255 quidem
1536 5201 1661 5260 apparent
1684 5219 1718 5231 -
1739 5200 1767 5242 et
1789 5191 2007 5259 intemperantia]
2027 5207 2077 5259 pro
2100 5190 2141 5243 leia

201 5284 237 5298 -
256 5284 290 5298 —
307 5260 387 5310 -id
404 5268 445 5311 ost
459 5260 536 5312 huius
552 5260 632 5326 oillei]
648 5261 691 5310 rel
707 5261 869 5312 comonis.

339 5374 488 5421 sslaffl'll.
501 5376 585 5422 om.
597 5376 662 5420 Vola.
675 5377 767 5420 mn.

1229 5258 1622 5313 mesopotamenus.

1901 5363 1936 5412 80
