4756 6194
112 412 179 480 ott
466 410 507 478 ii.
551 409 785 478 oromate
804 406 1124 477 confessionis
1143 404 1463 476 evenerum.
1505 406 1547 475 B.
1590 406 1784 477 strnue.
2062 415 2129 481 522

114 603 238 666 eredere,
256 602 325 667 quod
342 602 415 652 Deus
433 600 499 650 uelit
515 601 652 664 ignoscere
670 607 698 649 et
713 597 817 648 reluere
834 603 941 663 propter
957 596 1100 660 christum,
1147 597 1295 648 sentencies
1311 611 1359 663 pro
1376 596 1429 648 tide
1447 597 1572 661 tredltes,
1594 606 1687 649 centn
1701 598 1765 649 tidei
1783 600 1937 652 dormirem
1970 602 2039 656 Nem
2061 605 2129 658 bees

52 674 57 683 '
113 674 189 725 iuste
206 672 281 733 iliud,
298 670 360 720 Neu
376 671 448 720 misit
464 667 538 719 Deus
554 669 637 719 filium
655 682 728 716 suurn
745 668 773 715 in
791 665 930 726 mundum,
954 673 985 714 ut
1001 666 1100 715 iudicet
1148 667 1282 716 seuilletio
1303 673 1388 715 totum
1409 667 1581 731 liuengelium
1604 668 1728 732 ebroget,
1751 669 1817 719 cum
1841 671 2007 723 credideritis
2031 677 2128 738 omnis,

114 744 248 802 mundum,
265 740 312 789 sed
330 746 361 789 ot
376 739 494 790 reluctor
510 739 621 787 muudus
638 750 685 800 per
702 737 795 800 ipsum,
813 733 865 794 Qui
884 733 968 783 credit
984 737 1011 784 iu
1030 747 1097 796 eum,
1147 735 1227 785 dicite
1255 735 1335 786 iidem
1360 736 1479 785 inutilem
1505 750 1570 787 esee.
1605 736 1703 788 Nonne
1730 737 1902 802 liusngeiiurn
1924 741 2063 804 pollicetur
2085 758 2127 795 re·

113 824 168 861 nen
191 810 329 860 iudicetur.
367 805 478 868 Quoties
506 807 588 870 igitur
610 806 644 856 de
666 803 846 855 misericordis
868 803 978 863 dieitur,
1000 802 1097 852 iuteiii-
1146 804 1297 853 missionem
1314 813 1480 869 peecstorum
1498 812 1525 854 et
1546 805 1671 867 salutem,
1694 806 1774 855 etiem
1799 807 1841 857 bie
1863 809 1907 874 qui
1929 809 2001 859 nullu
2021 826 2127 876 prorsus

113 879 228 944 gendum
247 885 287 927 est
303 877 381 926 iidem
398 875 505 941 requiri.
541 875 578 925 lit
600 873 666 924 hece
686 873 752 924 iides
777 872 919 921 discrimen
941 870 1004 920 iecit
1029 871 1098 920 iuter
1146 872 1244 921 hubent
1259 874 1328 923 bone
1351 875 1449 939 opere?
1483 871 1513 925 Si
1535 882 1621 925 temen
1645 882 1832 926 conuertuntur
1854 885 1881 926 et
1902 892 1957 927 nou
1981 878 2128 945 desperent,

113 947 254 998 emundes
283 953 311 995 et
336 945 512 1003 demneudoe,
540 945 608 994 inter
630 942 726 1005 dignos
748 947 774 990 et
795 941 925 1004 indignos.
959 939 1008 988 list
1028 942 1097 990 euim
1146 942 1194 990 sed
1221 940 1273 992 iide
1299 943 1326 991 in
1356 940 1489 993 Christum
1516 950 1709 1009 cousequenter
1731 945 1912 996 remissionem
1944 950 2128 1011 pecestoruml

112 1018 169 1067 nite
186 1023 293 1065 eeteros
309 1013 440 1080 promisse
456 1011 611 1061 iustiiieen's.
646 1010 724 1060 Fides
750 1015 836 1059 eutem
852 1007 991 1071 iustiiicet,
1014 1022 1097 1072 quen·
1145 1009 1215 1060 ilum
1232 1010 1323 1060 iubent
1340 1011 1483 1078 uduerserij
1502 1013 1643 1077 desperare
1660 1012 1717 1074 boe,
1735 1027 1844 1077 querum
1861 1016 2037 1068 eonscientiee
2055 1018 2129 1069 nulle

113 1087 253 1148 docunque
270 1090 297 1133 et
313 1094 466 1148 quoeunque
485 1088 602 1147 tempore
619 1078 892 1145 apprehendentem
909 1077 1038 1127 homines.
1061 1076 1098 1126 Iit
1145 1079 1284 1129 inueniunt
1300 1079 1372 1130 boue
1389 1094 1478 1144 opere,
1496 1095 1563 1146 ques
1580 1094 1715 1146 opponere
1732 1082 1832 1133 iudicio
1849 1082 1904 1133 Dei
1921 1085 2031 1150 possint.
2057 1085 2128 1137 Num

112 1166 282 1220 peromnem
298 1153 379 1200 uitem
396 1158 496 1199 certare
515 1149 651 1211 debemus,
674 1155 703 1196 ut
724 1146 793 1196 hene
809 1146 889 1196 iidem
910 1159 1098 1210 consequemur
1143 1146 1185 1198 bis
1212 1148 1313 1210 dicent,
1338 1149 1417 1198 iidem
1443 1150 1560 1199 inutilem
1585 1151 1661 1200 esse?
1696 1150 1767 1200 bloio
1789 1159 1900 1214 peretot
1921 1154 1966 1205 isti
1987 1152 2128 1220 Sophistte

114 1229 141 1273 et
158 1220 346 1272 eoniirmemue.
382 1218 480 1269 Existit
497 1219 581 1280 enim,
599 1224 628 1266 ut
644 1230 723 1280 suprs
741 1216 868 1276 cisium,
891 1215 957 1264 beee
978 1214 1044 1265 tides
1066 1215 1096 1264 in
1144 1230 1204 1266 eum
1221 1217 1316 1266 talibus
1334 1218 1479 1285 celumnijs‚
1497 1232 1566 1284 ques
1583 1227 1668 1269 tetum
1691 1219 1865 1283 llueugelium
1891 1229 2025 1285 euertuut,
2049 1224 2127 1276 ebro·

112 1290 296 1356 poeuitencis,
318 1303 374 1338 non
397 1289 424 1337 in
447 1287 488 1336 bie
513 1288 557 1350 qui
582 1285 724 1335 secundum
751 1296 855 1334 curnem
877 1281 1018 1334 embuient
1054 1284 1095 1334 Ae
1144 1293 1207 1350 gent
1223 1287 1363 1349 gretuitem
1379 1288 1558 1337 remissionem
1575 1294 1757 1353 peccetorum,
1780 1290 1893 1353 eripiunt
1915 1292 1967 1357 pije
1991 1294 2127 1345 coueeieu·

114 1358 193 1409 debet
209 1361 278 1409 inter
295 1357 414 1422 periculo
430 1357 594 1405 tenteciones
611 1369 660 1421 per
677 1366 781 1402 omnem
798 1354 879 1403 uitem
897 1366 1023 1402 creseere.
1058 1350 1096 1400 lte
1143 1356 1186 1420 ttjs
1202 1353 1279 1405 iirme
1295 1356 1397 1406 eeistie.

113 1428 159 1492 qui
176 1428 245 1478 huuc
267 1426 346 1476 iidem
364 1425 498 1475 consecuti
515 1432 592 1486 snut,
609 1424 638 1473 bi
661 1423 746 1472 teneti
763 1429 837 1483 snut,
854 1428 884 1471 ut
901 1421 967 1471 bene
984 1434 1095 1486 operen-
1211 1423 1264 1474 iiie
1287 1438 1353 1472 uero
1379 1423 1513 1474 euuilietio
1537 1425 1616 1488 plene
1638 1426 1747 1489 puerilis
1765 1433 1819 1487 eet,
1843 1442 1901 1477 enm
1923 1428 2128 1494 interpretentur

112 1504 164 1558 tur,
190 1502 221 1547 ut
242 1496 329 1559 legem
357 1492 463 1544 facient.
498 1490 573 1543 Sicut
597 1492 678 1556 igitur
703 1490 895 1556 poenitenciam
918 1503 966 1554 per
990 1502 1094 1539 omnem
1144 1506 1234 1542 seruos
1261 1492 1381 1553 inutiles,
1407 1495 1469 1557 quie
1494 1507 1576 1557 opere
1599 1493 1658 1543 Deo
1681 1495 1733 1544 siut
1754 1495 1870 1557 inutilis,
1894 1497 1970 1547 nobis
1993 1512 2057 1548 uere
2075 1501 2128 1549 sint

113 1567 195 1615 uitem
221 1563 391 1629 requirimur,
417 1564 455 1612 its
481 1566 507 1610 et
533 1561 604 1612 boue
629 1574 711 1624 opere
736 1560 909 1639 requirimus,
932 1559 981 1608 etsi
1004 1565 1095 1640 nostre
1144 1562 1226 1610 utilis.
1262 1562 1300 1611 At
1316 1559 1433 1609 christus
1452 1562 1485 1610 de
1502 1576 1534 1611 ee
1550 1562 1662 1612 utilitete
1678 1562 1809 1627 loquitor,
1833 1579 1900 1628 quse
1923 1567 2057 1617 constituit
2078 1581 2127 1618 oe.

114 1647 277 1752 tl‘c‘trltl
295 1631 639 1760 iillteittel
654 1629 984 1757 iiiimxiii?
1004 1625 1095 1757 sifi
1143 1629 1291 1762 title:
1305 1628 2127 1767 illibi‘liei‘tlitri“llilltili

113 1770 183 1820 serui
209 1768 315 1820 inutiles
345 1782 442 1818 summ.
476 1767 511 1817 lit
535 1766 684 1817 Bernerdus
711 1772 783 1815 reete
808 1766 881 1817 dicit
916 1764 1032 1815 Necesse
1054 1770 1095 1813 est
1142 1765 1343 1828 insufficientes,
1370 1767 1431 1831 quie
1457 1782 1533 1817 nemo
1561 1776 1661 1833 tentum
1686 1771 1775 1831 timet,
1798 1776 1897 1820 tentum
1921 1771 2008 1835 diligit
2031 1771 2126 1837 Deum,

112 1840 198 1904 prime
218 1838 333 1899 credere,
350 1837 422 1902 quod
438 1837 620 1887 remissionem
636 1840 801 1900 peccatorum
818 1834 915 1885 bebere
932 1846 986 1883 nen
1000 1834 1094 1898 possis,
1143 1842 1245 1887 tentem
1263 1836 1346 1886 credit
1361 1835 1431 1897 Deo,
1450 1842 1574 1901 quantum
1591 1839 1722 1903 oportuit,
1740 1853 1818 1888 nemo
1836 1839 1965 1891 eetisiecit
1980 1842 2044 1905 legi.
2071 1843 2126 1895 Sed

112 1909 166 1958 nisi
181 1920 228 1973 per
245 1906 440 1970 indulgenciam
463 1905 524 1955 Dei.
558 1904 678 1966 Deinde,
701 1901 773 1965 qued
789 1902 858 1953 nibil
875 1915 980 1967 prorsus
997 1900 1094 1951 bebere
1142 1907 1236 1955 misses
1265 1905 1390 1955 fecimus
1422 1902 1470 1953 hee
1495 1904 1608 1969 frigidee
1635 1907 1815 1958 eeuiiletiones
1841 1908 2066 1972 eduerseriorum,
2092 1910 2126 1962 de

113 1990 194 2042 quess
211 1976 298 2041 operis
321 1976 398 2036 boni,
422 1973 474 2024 uisi
491 1980 519 2024 et
540 1972 593 2024 boc
616 1973 719 2023 dederit
742 1972 808 2037 ipse.
842 1971 998 2033 Postremo,
1022 1970 1094 2036 qued
1142 1972 1248 2041 quibus,
1272 1974 1335 2037 qnid
1357 1973 1498 2022 iudicaturi
1521 1975 1573 2023 sint
1588 1973 1721 2036 hemines,
1745 1978 1769 2026 ei
1787 1977 1892 2041 quendo
1911 1978 2080 2042 proferentur
2095 1982 2124 2032 in

113 2052 246 2096 eeterusm
263 2045 345 2094 uitem
362 2043 441 2093 nuliis
458 2050 534 2108 potes
551 2042 675 2107 operibus
691 2042 850 2107 promereri,
871 2041 922 2089 niei
943 2040 1025 2103 gretie
1049 2040 1094 2089 de·
1142 2043 1241 2102 iucem,
1273 2040 1352 2092 ieeile
1383 2049 1494 2106 possunt
1524 2044 1674 2093 existimare
1705 2045 1756 2095 uiri
1786 2045 1935 2110 prudentes.
1977 2047 2011 2096 Iu
2039 2048 2126 2099 uerbis

110 2120 154 2163 tur
170 2122 198 2164 et
218 2114 274 2162 ills.
308 2112 346 2162 llt
367 2111 446 2176 psulo
468 2118 542 2176 post,
565 2110 650 2160 Nemo
675 2110 766 2175 iteque
788 2123 818 2159 ee
839 2109 961 2171 seducet,
984 2108 1048 2173 quie
1069 2108 1094 2157 ei
1143 2110 1256 2161 menime
1278 2110 1363 2175 plenis
1381 2118 1409 2159 et
1432 2112 1576 2175 perspicuis
1600 2121 1751 2177 repererunt
1773 2116 1874 2164 rimam
1910 2118 1948 2166 At
1970 2129 2047 2165 nemo
2070 2130 2126 2167 nou

109 2182 178 2232 bene
200 2183 320 2245 cogiture
342 2181 471 2242 uoluerit,
492 2180 613 2231 inueniet
635 2179 727 2245 procui
750 2178 845 2240 dubio,
869 2176 942 2244 qnod
964 2190 1014 2226 nee
1035 2190 1094 2227 eum
1143 2181 1219 2230 uidet
1235 2181 1262 2229 iu
1278 2180 1326 2230 ilio
1345 2179 1404 2229 loeo
1423 2179 1544 2229 iideeiem
1561 2188 1710 2231 noetmrum
1728 2195 1834 2248 operum
1852 2184 2005 2249 improbari.

110 2250 201 2302 decern
229 2250 344 2300 millibus
371 2251 456 2315 possit
480 2262 617 2299 occurrere
643 2249 683 2310 ei,
708 2250 753 2310 qui
777 2262 835 2296 eum
858 2246 954 2310 uiginti
979 2245 1093 2295 millibus
1212 2246 1266 2298 Sed
1289 2248 1434 2312 edusmerij
1456 2249 1614 2311 recismsot,
1637 2250 1710 2316 quod
1732 2253 1789 2301 uite
1811 2261 1920 2303 eeterm
1941 2252 2069 2304 debeetur
2092 2253 2126 2305 de

108 2320 183 2370 uenit
198 2319 234 2369 ed
256 2332 285 2369 se
302 2326 351 2369 ete.
386 2317 445 2369 Noe
464 2318 544 2382 igitur
565 2324 595 2366 ut
618 2316 795 2367 conseieutlee
818 2322 914 2365 certem
937 2314 1093 2364 consoletio·
1143 2316 1275 2382 condigno
1292 2331 1341 2382 pre
1360 2317 1436 2367 bouis
1454 2316 1586 2381 operibns,
1604 2317 1706 2384 quieb]
1725 2320 1781 2369 uite
1797 2326 1906 2370 eeterne
1928 2328 2036 2372 uocetur
2056 2335 2125 2372 ener-

109 2400 170 2439 uem
188 2395 215 2437 et
230 2401 303 2453 spem
320 2393 435 2449 tenant,
451 2400 605 2436 reuoeemne
623 2384 742 2435 homines
759 2385 793 2434 ed
810 2384 1008 2449 promissionem
1017 2382 1093 2434 Chri·
1143 2400 1195 2437 ces.
1230 2382 1352 2435 Breuiter
1373 2394 1402 2435 et
1425 2385 1502 2450 plsue
1527 2386 1725 2450 respondemus.
1766 2388 1864 2439 Peuius
1889 2391 1970 2439 uitem
1993 2398 2125 2441 eeternem

109 2458 160 2518 eti,
185 2464 225 2507 et=·
238 2457 361 2507 docemus
383 2454 455 2520 quo'd
472 2467 579 2505 necesse
595 2456 632 2504 eit
652 2455 773 2515 credere,
796 2454 868 2518 quod
892 2451 965 2502 Deus
987 2458 1094 2517 prepter
1143 2455 1240 2505 donum
1267 2454 1393 2519 appellet,
1421 2455 1482 2517 quie
1508 2468 1565 2503 cum
1593 2462 1744 2520 reputemur
1768 2458 1830 2508 iusti
1853 2466 1960 2523 prepter
1981 2457 2125 2524 Christum,

110 2524 258 2588 christum,
276 2539 330 2575 neu
349 2531 457 2589 propter
473 2525 558 2587 legem
576 2525 691 2573 remittet
707 2530 831 2588 peccete,
848 2519 984 2581 iustificet,
1002 2527 1029 2569 et
1046 2521 1093 2570 do·
1142 2522 1225 2576 Simul
1244 2522 1368 2574 efficimur
1384 2522 1431 2588 diij
1449 2523 1512 2585 Dei,
1530 2528 1557 2572 et
1574 2522 1718 2574 coheredes
1735 2524 1844 2577 Christi.
1880 2527 1955 2578 Alibi
1975 2541 2039 2577 nero
2060 2531 2126 2581 sert.

108 2601 156 2645 net
171 2596 253 2644 uitem
269 2603 417 2655 sesemen,
435 2594 511 2642 iuste
527 2591 606 2655 iilud,
625 2590 678 2652 Qui
695 2591 774 2641 hebet
790 2590 887 2652 filium,
905 2588 985 2639 hebet
1001 2591 1092 2641 uitem.
1142 2600 1215 2658 ptum
1231 2599 1278 2652 est,
1296 2591 1400 2641 Merces
1416 2600 1506 2641 uestre
1522 2592 1630 2655 copiose
1651 2594 1702 2643 crit
1721 2595 1748 2643 iu
1771 2596 1860 2646 coelis.
1895 2595 1970 2646 Hsee
1990 2598 2013 2646 si
2034 2597 2125 2649 uiden·

178 2662 233 2716 Sed
250 2675 346 2727 operee
362 2662 479 2727 precium
498 2668 539 2710 est
556 2662 656 2721 eudire,
673 2658 804 2725 quomodo
824 2659 934 2709 eludent
949 2657 1092 2723 eduerssrij
1143 2669 1186 2711 tur
1211 2661 1369 2726 eduerserijs
1392 2660 1461 2709 iuter
1484 2674 1513 2709 se
1533 2674 1665 2725 pugnero,
1689 2663 1741 2726 ipei
1765 2664 1914 2728 expediunt
1955 2662 2010 2715 Sed
2033 2679 2125 2731 perum

109 2731 208 2783 dictum
231 2729 343 2791 Christi,
365 2730 432 2783 cum
454 2729 569 2781 {medos
591 2730 694 2793 omniu,
717 2730 810 2791 dicite,
832 2729 901 2778 eerui
928 2726 1034 2777 inutiles
1050 2740 1093 2775 su·
1142 2733 1218 2794 sequi
1236 2730 1337 2779 iudices
1354 2735 1423 2777 snut
1457 2727 1527 2778 Nem
1549 2729 1613 2779 deul
1626 2729 1648 2793 1)
1672 2731 1826 2781 uocebuiuen
1844 2735 1979 2795 omittunt,
2002 2726 2126 2787 omittunt

108 2812 175 2851 ntus.
210 2799 243 2849 ln
266 2799 454 2850 eoniuteciene
481 2800 520 2849 sic
549 2806 728 2863 corrumpunt,
746 2798 866 2864 ‘primum
892 2796 995 2847 iseiuut
1017 2795 1093 2845 Anti·
1143 2806 1170 2849 et
1186 2800 1274 2849 sontes
1298 2799 1378 2848 totius
1400 2799 1519 2863 negoeij,
1541 2798 1674 2862 quomedo
1696 2800 1868 2851 iuetideentur
1893 2800 2027 2864 bomines,
2052 2802 2125 2865 quod

109 2866 252 2933 etrepbou,
275 2868 360 2918 linito
382 2868 483 2932 mugie,
509 2868 645 2933 inquiunt,
672 2868 725 2918 dici
748 2873 850 2932 potest,
871 2863 902 2916 Si
927 2864 1092 2916 credideritis
1141 2874 1266 2934 perpetuo
1295 2869 1329 2915 sit
1354 2867 1482 2917 mediator
1504 2864 1630 2918 Christus.
1671 2866 1780 2920 Interim
1802 2876 1946 2933 excerpunt
1967 2871 2125 2923 uocebuln

109 2938 212 3000 omniu,
234 2937 326 3000 dieite,
348 2940 418 2988 serui
434 2936 541 2987 inutlise
557 2950 655 2987 summ.
689 2935 796 2986 Deinde
817 2935 933 2996 eddunt,
954 2946 1036 2999 opere
1051 2934 1093 2983 iu·
1144 2935 1288 2997 mercedis,
1301 2936 1337 2999 n)
1353 2933 1436 2999 quue
1453 2934 1622 2985 ecerbissime
1639 2935 1842 3001 interpretentur
1858 2952 1913 2989 non
1928 2938 2013 2988 selum
2031 2945 2125 2991 contre

107 3005 330 3067 utilieesseiiee,
343 3007 557 3057 nobisueronen
571 3018 628 3055 esee
644 3005 755 3055 inutilis.
780 3004 878 3055 Videte
894 3002 1094 3069 quemdeleetet
1142 3004 1312 3070 scripturum,
1338 3004 1386 3055 eed
1416 3004 1493 3054 etism
1519 3010 1614 3053 centn
1639 3007 1765 3056 sermonis
1792 3008 2015 3057 consuetudinem.
2053 3007 2125 3059 Hine

107 3075 274 3125 eduemeries
284 3074 384 3140 puerile
393 3075 507 3125 studium
519 3073 689 3139 Sopbiete'eee.
712 3073 749 3123 lit
759 3085 906 3138 quenquem
917 3071 968 3122 bee
977 3072 1093 3137 ineptire
1142 3074 1345 3136 retiecinentur,
1372 3071 1433 3137 quie
1455 3086 1556 3122 merces
1578 3073 1741 3136 nominetur,
1761 3075 1823 3125 ideo
1847 3086 1928 3139 opere
1951 3082 2043 3125 noeirs
2061 3082 2125 3127 eunt

108 3144 236 3207 indignee
256 3145 309 3195 sint
329 3156 397 3209 quse
416 3144 676 3204 nomenniomen
692 3143 783 3208 percis
800 3140 1025 3205 respondebimus.
1142 3142 1284 3203 eiusmodi,
1310 3152 1377 3204 ques
1403 3139 1516 3192 debeeut
1541 3154 1599 3191 esee
1623 3144 1756 3208 precium,
1781 3158 1830 3210 pro
1856 3158 1909 3209 quo
1935 3144 2045 3194 debetur
2068 3146 2125 3195 uite

178 3212 367 3278 Audetrepbon
391 3219 433 3263 est
453 3212 597 3275 uiciesum,
623 3213 686 3278 quie
709 3211 872 3276 decipiuntur
892 3207 1037 3273 eduerseril
1063 3209 1092 3259 ln
1142 3218 1256 3263 eeteros„
1291 3210 1374 3262 Plene
1390 3224 1462 3261 noue
1484 3218 1524 3260 cet
1540 3209 1605 3261 besee
1627 3209 1784 3264 Disiectice.
1818 3211 1982 3263 Voesbulom
2004 3212 2124 3264 eudimus

108 3281 237 3332 noesbuie
253 3281 325 3345 fldei,
342 3278 411 3347 quod
429 3282 454 3332 si
470 3279 632 3345 signineeree
647 3278 773 3330 noticiem
789 3277 932 3341 historice,
950 3285 996 3328 eut
1013 3278 1034 3327 ei
1052 3277 1093 3327 di·
1141 3281 1281 3333 uercsdls.
1296 3279 1333 3345 π)
1367 3278 1452 3343 Igitur
1468 3293 1550 3344 opere
1564 3286 1657 3331 nostre
1673 3281 1728 3344 legi
1744 3281 1922 3344 sstisiseinnt,
1939 3282 2020 3346 igitur
2037 3294 2124 3332 summ

108 3362 240 3412 mutue,
261 3350 332 3416 qued
348 3349 413 3401 iides
435 3356 544 3416 propter
564 3362 639 3399 suem
662 3349 817 3413 dignitetem
840 3348 970 3411 solueret,
990 3346 1093 3396 ueierst
1141 3351 1243 3415 eccepti
1259 3346 1317 3398 Deo
1334 3356 1442 3413 propter
1463 3362 1545 3412 opere
1567 3356 1672 3412 nostre,
1695 3364 1745 3400 nee
1765 3351 1913 3415 indigemus
1936 3350 2124 3414 misericordie,

108 3419 266 3484 similitude,
288 3420 370 3469 multe
392 3420 477 3484 megis
499 3432 551 3468 uos
567 3430 657 3468 seruos
681 3418 788 3468 inutiles
805 3430 878 3477 esee,
900 3416 925 3467 ei
947 3415 1092 3466 credideri·
1141 3424 1188 3470 eut
1200 3418 1378 3536 propicietore
1394 3416 1518 3478 cbristo,
1540 3424 1587 3467 eut
1602 3415 1656 3467 ide
1673 3418 1884 3484 apprehendente
1907 3419 2123 3471 misericorditem.

107 3502 174 3541 mue.
200 3487 256 3540 Sed
271 3500 321 3539 nee
337 3489 468 3554 loquimur
486 3487 519 3537 de
535 3485 633 3537 fldueie
652 3487 835 3552 promissionis
852 3491 880 3535 et
893 3485 1092 3535 misericordiae
1142 3487 1184 3539 Ae
1211 3492 1334 3551 ugentsm
1351 3483 1460 3538 Beriten
1484 3484 1649 3551 Chrysippeo
1670 3502 1744 3538 more
1767 3489 1908 3540 cumulent
1941 3486 2019 3537 Bous
2040 3500 2124 3550 opere

107 3555 170 3608 Dei
200 3556 237 3607 lit
251 3557 319 3607 hece
333 3557 431 3609 iiducle
446 3556 543 3607 istem
559 3569 608 3605 uos
627 3568 684 3605 esse
700 3568 793 3606 ternos
809 3553 924 3606 inutiles.
949 3552 1010 3604 iree
1024 3552 1090 3604 bsee
1142 3563 1203 3607 eunt
1222 3556 1339 3623 precium
1360 3568 1409 3620 pro
1432 3568 1485 3617 qno
1509 3555 1618 3605 debetur
1638 3558 1694 3607 uite
1716 3562 1832 3607 eeteros
1867 3555 1944 3606 Bene
1965 3569 2048 3620 opere
2069 3556 2124 3620 legi

108 3633 149 3677 eet
163 3638 230 3677 uere
244 3638 300 3677 nox
316 3626 392 3688 fidei,
409 3625 480 3690 quod
497 3638 580 3691 opere
595 3631 688 3674 nostre
703 3624 758 3675 sint
772 3624 895 3688 indigue,
919 3624 992 3687 qeod
1009 3625 1090 3674 simus
1141 3624 1194 3676 Dei
1212 3625 1383 3676 eetisieeiunt
1418 3622 1455 3673 ite
1470 3631 1575 3689 prester
1591 3623 1658 3673 beec
1674 3623 1732 3674 deri
1754 3631 1863 3689 possunt
1884 3637 1965 3689 opere
1985 3637 2123 3689 superero·

107 3695 177 3761 arui
195 3695 309 3745 inutiles.
343 3695 379 3744 lte
396 3694 431 3744 ob
447 3694 518 3746 issue
534 3706 613 3743 ouem
631 3707 748 3754 murum,
775 3692 878 3743 deddc
895 3691 1042 3759 loquimur,
1065 3697 1093 3741 et
1142 3695 1266 3757 getienls.
1291 3692 1354 3743 Nou
1371 3692 1457 3741 seium
1473 3693 1555 3755 igitur
1571 3691 1623 3754 legi
1632 3689 1684 3740 Dei
1703 3692 1853 3743 satisfecere
1869 3692 1988 3743 bomiuee
2005 3700 2123 3757 pessunt,

108 3764 256 3831 querimus
272 3763 491 3825 misericordiam,
512 3763 576 3828 quie
597 3762 762 3824 eguoscimus
784 3775 834 3811 nos
858 3774 915 3811 esse
938 3774 1030 3811 seruos
1052 3760 1091 3810 ln·
1142 3764 1190 3813 sed
1215 3766 1293 3813 etiem
1320 3761 1433 3824 emplius
1457 3758 1550 3811 iecere.
1584 3759 1621 3808 Et
1642 3761 1704 3824 quie
1731 3758 1857 3811 Meneebi
1879 3761 1989 3826 emplius
2010 3761 2121 3827 ieciuut,

106 3832 195 3882 utiles.
229 3829 308 3880 llidee
326 3832 395 3879 enim
411 3831 474 3880 ideo
491 3832 586 3892 eeiuut,
602 3830 664 3895 quie
680 3828 854 3895 epprebendit
875 3829 1093 3890 misericordium,
1142 3837 1281 3896 supersunt
1304 3830 1344 3879 eis
1367 3828 1468 3879 meritc
1503 3827 1539 3877 tte
1561 3830 1685 3893 quonism
1709 3828 1853 3879 iibereiitse
1876 3838 1916 3880 est
1940 3830 2032 3894 lsrgiri
2054 3830 2122 3897 elije,

108 3912 157 3951 eeu
177 3898 380 3964 promissionem
401 3901 516 3962 gretia,
538 3900 617 3949 etiem
639 3899 663 3947 ei
689 3911 770 3963 opere
789 3903 883 3949 nostre
898 3904 959 3947 eunt
974 3897 1092 3962 indigne.
1143 3900 1176 3949 de
1194 3914 1226 3949 ec
1244 3898 1315 3963 quod
1331 3903 1457 3962 superest,
1474 3897 1535 3946 licet
1553 3896 1651 3946 dooere
1668 3897 1717 3947 iiis
1733 3900 1827 3948 merite
1847 3899 1919 3964 siijs,
1940 3897 2078 3963 Aidngunt
2094 3904 2124 3949 et

107 3968 144 4018 tte
160 3970 188 4019 in
206 3965 276 4017 ieeue
292 3966 459 4030 sentenciam,
476 3965 543 4016 uibii
560 3965 628 4015 ledit
647 3979 698 4017 noe
714 3964 915 4030 Autietrepbon.
951 3964 1020 4015 cum
1037 3976 1093 4015 ere·
1142 3975 1331 4018 recremenesm
1348 3965 1424 4014 buius
1444 3965 1608 4026 donetiouie,
1630 3968 1741 4017 mortuis
1765 3968 1919 4017 circundant
1939 3968 2070 4029 cucullos,
2093 3974 2124 4018 nt

109 4036 231 4089 diderltis
247 4036 351 4099 omnis,
368 4035 464 4097 dicite,
481 4036 552 4085 serui
569 4035 677 4085 inutiles
693 4048 790 4085 snmus.
825 4031 907 4083 Recte
929 4033 1039 4096 dicitnr,
1069 4033 1093 4082 ei
1142 4043 1270 4087 testentur
1288 4036 1335 4095 eis,
1352 4034 1484 4099 spplicete
1500 4048 1556 4085 esse
1573 4034 1662 4086 uiicne
1677 4037 1779 4088 merite.
1814 4036 1921 4086 Talibus
1944 4037 2123 4087 cosceruotio·

108 4112 210 4158 ttutum
227 4105 391 4167 intelligetur
407 4103 531 4168 operibus
549 4101 652 4154 deuehi
669 4102 792 4167 digditss.
1141 4104 1217 4155 uibus
1234 4101 1390 4155 beneficium
1406 4100 1505 4152 Christi
1528 4110 1555 4153 et
1572 4104 1703 4155 iusticiem
1725 4103 1788 4155 fidei
1805 4104 1947 4155 obscurent
1969 4106 2123 4173 eduemerii.

26 4216 35 4225 .
178 4172 232 4225 Sed
251 4174 274 4224 ri
291 4174 329 4223 sie
350 4172 527 4238 intelligetur,
553 4172 625 4236 quod
648 4171 726 4221 etiem
747 4170 813 4221 ddes
834 4170 870 4220 eit
892 4169 1010 4231 inutilis,
1036 4181 1093 4219 nen
1210 4171 1272 4223 Nou
1289 4185 1424 4221 monemus
1441 4173 1543 4222 ineuem
1561 4167 1736 4241 λογομαχίαν
1753 4174 1786 4223 de
1802 4172 1940 4225 uocebulo.
1966 4174 2009 4224 De
2025 4186 2124 4237 meges

109 4244 182 4294 uolet
197 4243 353 4305 similitude,
370 4242 437 4294 cum
452 4242 569 4292 ieceritie
586 4241 688 4303 omnis,
705 4239 788 4291 nolite
805 4238 938 4291 eorffldere
960 4237 1093 4304 operibus.
1141 4255 1171 4292 re
1188 4242 1330 4307 litigemue,
1347 4240 1426 4291 Vnde
1444 4241 1556 4291 debeent
1572 4243 1631 4306 pise
1648 4249 1748 4292 mentes
1766 4249 1864 4293 certem
1872 4255 1944 4307 spem
1952 4242 2044 4292 eeiutis
2061 4256 2124 4292 con·

107 4310 150 4363 lte
167 4324 226 4361 cum
243 4311 418 4374 credideritis,
433 4311 516 4361 nolite
533 4309 666 4361 confidere
680 4308 855 4375 promissione
871 4306 934 4370 Dei,
947 4307 1022 4359 Heee
1038 4320 1092 4357 non
1142 4312 1238 4375 cipere.
1272 4309 1367 4359 Vtrum
1384 4308 1455 4360 bons
1471 4323 1554 4375 opere
1569 4311 1672 4374 possint
1688 4312 1858 4361 eonscientiee
1880 4310 1991 4361 reddere
2007 4317 2123 4376 pecetee.

110 4381 243 4442 cobereut,
260 4386 323 4430 eunt
340 4381 409 4430 enim
427 4378 610 4430 dissimillima.
627 4378 650 4444 ¹)
683 4378 832 4429 Dissimiles
851 4388 961 4440 censes,
979 4376 1092 4426 dissimi·
1141 4379 1236 4429 Vtrum
1253 4380 1351 4429 sentire
1369 4377 1489 4439 debesnt,
1506 4379 1544 4428 its
1565 4380 1718 4444 contingere
1738 4381 1821 4430 uitem
1842 4386 1986 4442 mtemem,
2007 4379 2032 4428 ei
2052 4378 2125 4431 bene

109 4448 146 4499 iis
162 4449 265 4499 obiecte
281 4448 393 4499 ildueiee
410 4455 472 4498 sunt
487 4450 515 4499 iu
533 4448 623 4514 priore
639 4447 829 4513 propositione,
844 4454 871 4496 et
888 4446 916 4495 iu
933 4444 1090 4510 posteriore.
1142 4460 1224 4514 opere
1240 4454 1376 4513 opponent
1392 4447 1492 4498 indicio
1509 4445 1571 4510 Dei,
1588 4461 1623 4498 eu
1639 4462 1705 4499 uero
1722 4447 1837 4498 debeent
1852 4449 1958 4510 sentire,
1974 4448 2045 4514 quod
2062 4461 2124 4515 pro·

109 4516 220 4569 Fiducie
235 4519 263 4569 in
280 4519 367 4583 priore
385 4524 426 4566 eet
441 4516 538 4567 fiducie
555 4524 704 4567 noetrerum
721 4529 838 4581 eperum.
872 4513 984 4565 Fiducie
999 4515 1027 4564 iu
1043 4526 1092 4578 pe·
1141 4525 1202 4582 pter
1218 4514 1351 4568 christum
1368 4528 1416 4580 per
1431 4516 1641 4567 misericordiem
1658 4524 1809 4582 reputentur
1825 4517 1902 4579 iusti,
1919 4525 1946 4567 et
1962 4528 2124 4581 consequeu-

110 4587 224 4638 steriore
249 4594 291 4637 est
315 4586 413 4636 fiducie
433 4585 616 4651 promissionis
639 4585 754 4637 dluiuee.
788 4582 906 4634 Christus
932 4588 1019 4632 eutem
1044 4582 1091 4631 de·
1141 4593 1185 4636 tur
1201 4586 1441 4635 uitemeeternem.
1478 4584 1552 4635 lisee
1569 4586 1679 4637 ueniunt
1694 4588 1723 4637 iu
1741 4587 1961 4649 controuersism,
1978 4600 2057 4652 quem
2072 4585 2124 4635 nisi

109 4662 183 4707 mnet
204 4653 328 4706 dduciem
354 4660 504 4704 nostrerum
530 4668 650 4719 operum,
677 4669 735 4705 uon
755 4652 861 4704 demost
882 4651 1005 4700 fiduciem
1030 4664 1092 4714 pro·
1143 4652 1270 4720 diiudicet
1287 4653 1464 4716 conscientie,
1486 4666 1542 4703 uon
1563 4662 1652 4723 petest
1667 4654 1764 4707 bebere
1783 4654 1885 4706 &mem
1902 4661 1930 4704 et
1946 4662 2045 4705 certem
2061 4668 2124 4705 cen·

109 4723 242 4776 missionis
270 4736 343 4774 enee.
382 4722 446 4773 Non
471 4722 528 4772 uuit
547 4736 597 4773 noe
621 4722 654 4772 de
676 4722 763 4787 gretie
789 4729 817 4771 et
836 4719 1020 4770 misericordie
1039 4718 1092 4769 Dei
1141 4722 1308 4774 contionem.

111 4793 261 4857 desperete.
293 4791 393 4856 Arguit
415 4804 497 4856 opere
517 4798 611 4843 nostre
632 4798 757 4857 tenqnem
782 4790 904 4853 indigos,
925 4801 981 4838 nou
1006 4788 1094 4852 erguit
1210 4789 1270 4842 ilos
1292 4796 1380 4840 eutem
1403 4791 1467 4841 tetis
1491 4790 1560 4839 clere
1582 4792 1759 4854 ostendimus,
1782 4792 1854 4857 quod
1876 4790 1947 4843 bone
1968 4804 2049 4857 opere
2068 4804 2123 4841 non

110 4860 307 4929 premissionem
324 4873 392 4926 qnee
409 4861 491 4924 gretie
508 4858 585 4909 ciiert
601 4859 816 4911 miserimrdiem.
848 4859 884 4908 Et
899 4855 1033 4922 precelere
1049 4855 1093 4907 bie
1143 4856 1303 4911 ntieieeieut
1318 4858 1373 4923 legi
1390 4856 1458 4920 Dei,
1476 4858 1545 4923 qued
1562 4858 1678 4910 bsbeeut
1694 4873 1759 4927 epus
1776 4861 1965 4925 ubencordie,
1983 4860 2054 4927 quod
2069 4858 2123 4911 dds

111 4929 198 4994 iuquit
216 4928 388 4991 Ambrosius,
414 4928 594 4992 Aguoseeude
616 4936 656 4979 eet
678 4929 779 4993 gretie,
803 4927 850 4977 sed
873 4940 926 4977 neu
943 4924 1095 4989 ignorende

111 5008 213 5051 uetere
248 4996 422 5048 Promissioni
438 4998 541 5061 gretles
558 4996 738 5048 cenedeneun
762 5003 815 5059 est,
838 5009 893 5046 nou
915 5003 1025 5045 neturee
1046 5006 1094 5043 ne·
1145 5028 1350 5043 ...-......

111 5074 189 5121 etree.
224 5064 280 5118 Sed
304 5066 448 5134 eduam]
476 5080 526 5118 sue
553 5080 628 5118 mere
648 5065 764 5128 ieeiuut,
792 5062 909 5118 Seeleete
937 5063 1095 5129 detorquent

1161 5164 1196 5235 k)
1213 5162 1284 5235 quis]
1300 5162 1353 5217 Μ.
1369 5165 1411 5218 de
1429 5178 1482 5231 que

1170 5252 1196 5319 l)
1213 5249 1290 5317 doni]
1306 5250 1358 5303 ite.
1374 5250 1415 5304 8.e
1432 5249 1524 5318 (deni)

137 5336 661 5409 t)euetntiitnelntsetsnutitu
1145 5334 1836 5405 njffillddndeeqeeleeeeffledit)

112 5220 318 5241 *-
