4756 6194
171 419 219 486 83
285 438 291 443 ·
621 411 737 481 iiiiii„
756 410 864 480 iiiii„
886 409 1451 479 888818888818118188
1472 404 1747 479 stiriiiomca
2154 412 2204 480 Ἡ

175 618 213 673 ut
229 610 280 671 ilie
298 607 381 669 dicto
399 612 443 685 (3.
461 608 556 687 Aug.)
568 598 744 670 0881818118
761 601 920 665 offerretur
936 622 974 663 ac
984 600 1107 684 publice
1124 603 1311 673 recitaretur,
1328 602 1482 683 suspicari
1503 598 1588 672 lieet,
1610 599 1803 683 Tbeologos,
1826 622 1866 664 ne
1882 605 1975 665 variis
1992 607 2128 667 omnium
2145 606 2205 669 de·

176 695 408 760 liberationibus
427 692 629 771 consiliisque
649 711 702 752 res
720 690 897 761 tardaretur,
914 696 1077 768 atramque
1088 696 1354 769 opusextremum
1371 686 1630 749 solisilumuriris
1647 686 1773 750 Fabro
1791 698 1823 750 et
1844 688 1964 751 Eccio
1980 691 2204 759 demandasse.

85 772 90 779 ¹
176 784 259 846 Num
276 791 407 861 uterque
425 782 454 840 in
479 789 606 859 utroque
623 776 782 858 exemplo,
800 783 833 838 et
855 774 948 836 latino
971 783 1003 837 et
1019 776 1203 853 germanico,
1226 794 1415 835 communem
1439 794 1561 854 operam
1584 777 1738 855 posuerit,
1760 794 1797 835 ao
1825 775 1970 838 alteruter
1992 780 2022 839 in
2049 778 2120 841 solo
2144 781 2204 844 vel

177 869 273 932 latino
291 868 342 928 vel
365 868 537 945 germanico
562 864 713 945 exemplo,
736 884 795 923 non
814 870 952 932 constat;
970 860 1177 923 verosimilius
1196 869 1296 922 tamen
1315 860 1388 922 mihi
1406 862 1544 938 videtur,
1563 860 1690 923 alterum
1707 864 1846 943 picatam
1869 861 1999 925 latinam
2027 865 2203 946 formulam,

175 957 302 1019 alterum
325 957 532 1035 per-monicum
551 950 796 1012 confutationem
815 947 943 1018 iecisse,
965 956 1001 1009 at
1023 950 1072 1009 sic
1099 949 1209 1028 partito
1238 967 1331 1027 opero
1354 967 1393 1007 eo
1419 945 1552 1007 celerius
1579 956 1740 1027 utrumqne
1767 950 1974 1011 conficeretur.
2019 953 2085 1014 Hac
2115 956 2202 1017 euim

175 1044 351 1105 coniectura
368 1039 546 1120 explicatur,
565 1059 619 1098 cur
636 1037 727 1098 modo
750 1034 827 1096 alter
845 1054 961 1105 eornm,
982 1035 1074 1096 modo
1096 1041 1226 1114 uterque
1248 1036 1435 1097 novissimae
1458 1031 1683 1097 Confutationis
1703 1042 1808 1097 auctor
1824 1036 1994 1117 appelletur
2005 1044 2047 1117 ‘).

331 1130 380 1189 An
398 1125 476 1187 baec
498 1123 627 1185 formula
648 1125 753 1205 quinta
769 1121 863 1183 latina
885 1127 957 1182 tunc
979 1140 1103 1201 quoque
1124 1123 1167 1182 sit
1184 1119 1340 1202 descupta
1367 1127 1393 1180 at
1422 1120 1452 1180 io
1480 1120 1612 1181 chariam
1640 1120 1733 1182 nullis
1759 1124 2000 1185 correctionibus
2027 1146 2201 1189 commacu·

173 1215 266 1278 latam
283 1211 440 1284 translata,
462 1213 654 1291 ignoramus3
672 1228 731 1270 nee
753 1214 830 1284 erat,
854 1208 937 1287 quod
955 1227 1022 1268 eam
1044 1210 1147 1269 statim
1166 1207 1385 1277 describerent,
1404 1226 1473 1267 curo
1497 1227 1598 1287 881888
1624 1215 1695 1268 irrue
1721 1209 1821 1281 beret,
1847 1230 1948 1289 neque
1976 1220 2088 1291 postea
2114 1214 2202 1276 lacta

173 1310 261 1364 esset
277 1299 393 1383 publici
412 1300 497 1359 iuris.
538 1297 618 1357 Hinc
640 1315 764 1376 quoque
786 1294 877 1356 lacile
898 1294 1036 1355 accidere
1058 1297 1167 1375 potuit,
1186 1300 1219 1354 ut
1240 1292 1376 1373 theologi
1399 1292 1539 1354 catholici
1558 1295 1701 1374 Augusta
1724 1295 1845 1357 domurn
1863 1298 2014 1360 abeuntes
2031 1301 2102 1360 eius
2125 1316 2202 1383 apo·

173 1388 288 1471 grapba
311 1390 370 1447 iam
392 1386 484 1445 variis
501 1384 639 1464 partibus
657 1382 860 1461 discrepantia
880 1401 988 1441 seeum
1011 1380 1173 1451 auferrent,
1196 1399 1294 1458 eaque
1316 1378 1467 1460 posthaec
1486 1382 1550 1439 iure
1573 1388 1604 1440 et
1623 1382 1780 1443 commodo
1804 1403 1862 1444 suo
1881 1392 2031 1447 mutarent
2042 1390 2106 1459 ⁸⁸).

331 1471 470 1534 Codices
490 1467 571 1532 branc
589 1474 728 1551 quintam
746 1467 904 1528 formulam
927 1466 1041 1528 latinae
1054 1464 1278 1528 confutationis
1301 1467 1503 1537 continentes,
1516 1466 1678 1547 bucusque
1695 1466 1887 1548 aliquatenus
1906 1471 2098 1534 innotuerunt
2116 1480 2201 1535 tres:

968 1731 995 1791 i.
1041 1724 1155 1788 Codex
1177 1722 1399 1785 Fabricium.

330 1892 386 1954 Sic
408 1892 529 1953 nomino
548 1887 716 1969 Codicem,
735 1910 774 1951 ex
796 1910 858 1972 quo
876 1890 1051 1951 Andreas
1073 1888 1284 1951 Fabricius
1306 1884 1483 1951 Leodius
1507 1884 1754 1951 confutationem
1776 1888 1913 1970 latinam,
1930 1901 2093 1973 postquam
2116 1896 2200 1960 ultra

176 1980 374 2062 quadraginta
396 1990 492 2040 annos
514 1977 629 2038 inedita
645 1975 826 2046 latitaverat,
846 1978 972 2057 primurn
991 1996 1018 2039 a.
1046 1980 1137 2038 1573.
1161 1973 1329 2055 divulgavit
1346 1975 1377 2034 io
1399 1972 1476 2035 libro
1495 1975 1554 2035 iarn
1573 1977 1603 2036 in
1626 1977 1819 2056 praecedenti
1842 1976 1914 2039 voi.
1937 1980 2053 2044 xxvi.
2076 2002 2105 2062 p·
2132 1986 2197 2047 225

169 2086 240 2147 sqq.
262 2067 434 2128 accuratius
452 2064 620 2128 recensito:
642 2063 819 2127 Homionio
838 2062 1054 2141 confessionis
1074 2059 1288 2144 disputarant,
1307 2078 1398 2141 quarn
1421 2062 1463 2121 ita
1483 2061 1633 2136 iustruxit,
1656 2070 1690 2125 ut
1710 2065 1806 2147 primo
1823 2062 1893 2127 loco
1913 2066 2092 2130 exhibeatur
2102 2066 2198 2133 Prae-

169 2152 244 2216 latio
267 2154 430 2214 invariatae
453 2158 484 2211 et
501 2151 632 2211 variatae
654 2147 871 2210 Confessi‘·nis
900 2151 1100 2231 Augustanae
1123 2149 1287 2209 subiuncto
1314 2144 1448 2227 Prologo
1473 2143 1716 2223 Consolationis,
1741 2148 1789 2215 lo.
1815 2147 2002 2213 Cocblaei
2030 2153 2196 2220 Prooemio

170 2238 378 2301 discussionis
397 2239 596 2317 Augustauae
620 2232 838 2298 consessionis
856 2243 889 2298 et
916 2234 1113 2317 Alpbonsi
1135 2233 1313 2296 Virvesii
1338 2228 1537 2296 Canariensis
1555 2232 1704 2318 Episcopi
1732 2236 1906 2320 Philippica
1932 2241 2028 2320 prima
2056 2241 2096 2303 de
2118 2243 2197 2324 ‹log-

168 2334 282 2388 matum
300 2325 494 2387 multitudiue
513 2331 545 2385 et
567 2325 731 2385 varietate:
755 2322 867 2384 deinde
896 2328 1100 2403 proponantur
1122 2318 1236 2401 singuli
1261 2316 1481 2384 consessionis
1509 2323 1672 2384 invariatae
1701 2330 1747 2405 (et
1775 2324 1957 2403 quibusdam
1991 2324 2071 2388 locis
2099 2332 2196 2392 etiam

168 2414 319 2492 variatae)
338 2409 466 2481 articuli,
489 2428 616 2488 quornm
634 2429 788 2490 quemque
806 2408 983 2488 singulatim
1001 2414 1172 2487 sequuntur
1189 2402 1293 2468 Caroli
1312 2403 1461 2467 Caesaris
1483 2415 1515 2469 et
1536 2404 1765 2471 Gaibolieorum
1787 2409 1960 2492 Principum
1989 2413 2028 2474 ad
2053 2435 2121 2475 eum
2147 2437 2193 2478 re·

168 2500 300 2579 sponsio
319 2498 353 2576 (i.
372 2518 399 2557 e.
424 2494 651 2557 confutationis
679 2514 752 2576 pars
776 2494 972 2576 praecedenti
1002 2491 1220 2555 confessionis
1248 2491 1374 2554 articulo
1397 2494 1620 2575 respondens),
1648 2496 1828 2558 Andreae
1854 2496 2024 2560 Fabricii
2049 2500 2192 2564 Leodii

168 2585 209 2646 ad
231 2582 362 2645 eundern
385 2583 624 2653 animadversio,
652 2578 815 2642 loannis
840 2601 859 2641 a
885 2579 1102 2643 Darentria
1130 2581 1200 2642 eius
1228 2578 1384 2650 refutatio,
1414 2576 1462 2640 lo.
1487 2576 1676 2644 Cocblaei
1704 2583 1845 2647 eiusdem
1868 2585 1984 2646 articuli
2019 2588 2193 2664 discussio,
2252 2632 2260 2641 -

167 2668 218 2733 lo.
244 2667 524 2731 lloiimeisteri
553 2687 647 2748 super
669 2668 778 2729 eodem
803 2667 959 2740 iudicium,
988 2666 1181 2748 Alpbonsi
1210 2664 1386 2727 Virvesii
1418 2664 1592 2750 Philippica
1624 2668 1663 2729 de
1691 2670 1886 2750 praecedenti
1904 2672 2128 2750 articulo**’).
2150 2714 2194 2725 -

168 2754 347 2819 0881818118
365 2757 395 2816 18
418 2755 478 2816 boc
499 2774 593 2836 opere
614 2774 645 2836 p.
664 2759 694 2818 8.
711 2756 757 2815 sic
779 2755 926 2835 inscripta
947 2760 1015 2815 este

377 2874 490 2938 Caroli
506 2874 657 2938 canora
678 2880 709 2935 et
732 2872 966 2936 coaetaneum
992 2872 1179 2955 Principum
1203 2870 1247 2933 ad
1272 2869 1409 2933 oblatum
1431 2893 1453 2932 a
1475 2870 1733 2937 Protectoata'bas
1761 2876 1992 2957 Confessioaem
2014 2885 2192 2962 reponsio.

161 3049 527 3069 ffl—

325 3170 358 3221 iis
375 3168 497 3220 tabularii
514 3168 663 3231 recipienda
681 3172 751 3233 erat;
768 3168 875 3222 118888
893 3179 956 3220 vero
974 3166 1085 3232 priorem
1103 3167 1230 3230 oririmu
1248 3178 1281 3219 eo
1297 3170 1419 3219 assecuta
1437 3170 1486 3220 est.
1521 3167 1696 3230 Quamobrem
1714 3170 1886 3225 18888888
1908 3185 1960 3226 888
1978 3176 2124 3237 assentior,
2147 3179 2194 3242 qui

324 3238 486 3292 1881811818.
504 3238 587 3298 symb.
604 3238 648 3291 88.
666 3240 690 3288 1.
709 3250 734 3301 p.
753 3239 810 3285 118.
828 3248 867 3290 88.
886 3235 946 3287 888.
965 3240 993 3288 81
1009 3235 1055 3288 iii.
1074 3236 1100 3284 8.
1120 3235 1211 3301 (qnam
1229 3234 1482 3299 188888888888811)
1500 3235 1529 3288 Ρ.
1547 3238 1567 3290 1.
1585 3250 1611 3302 p.
1632 3239 1690 3289 188.
1709 3251 1747 3292 88.
1766 3239 1826 3291 788.
1845 3240 1872 3294 18
1888 3244 2055 3296 annotatione
2073 3246 2106 3297 88
2125 3245 2194 3299 con·

323 3305 477 3360 tutationem
494 3307 641 3373 iiogoniiae
661 3306 736 3357 1888.
755 3305 786 3355 4⁰
803 3306 953 3368 permanire
971 3304 1068 3357 eiiitam
1086 3304 1176 3369 (88888
1194 3304 1263 3359 18188
1280 3305 1447 3370 recensebo),
1473 3307 1704 3372 88818181188888
1726 3308 1860 3375 mam,
1884 3322 1961 3376 quam
1983 3314 2081 3375 primus
2103 3315 2199 3369 lubrie

323 3376 422 3430 818818
440 3376 579 3429 iiarmonie
596 3378 624 3427 ii.
645 3375 673 3427 c.
693 3374 770 3428 1878.
789 3375 878 3439 881811,
894 3373 1030 3430 maiam
1046 3374 1169 3437 exempti
1185 3375 1344 3429 8888188181
1359 3374 1519 3428 nationem
1536 3376 1658 3440 appeiiat

280 3460 309 3527 ⁸)
327 3461 476 3515 iieianibon
494 3461 520 3515 iu
538 3462 649 3525 epistota
673 3460 707 3514 88
731 3460 871 3513 88188888
890 3461 915 3512 8.
940 3458 965 3509 8.
983 3462 1047 3523 Aug.
1073 3458 1148 3510 1880.
1172 3461 1267 3522 8881818
1289 3462 1330 3524 (18
1352 3461 1429 3513 buius
1454 3460 1528 3525 corp.
1552 3462 1607 3515 iioi.
1629 3463 1660 3516 ii.
1682 3475 1706 3527 p.
1729 3462 1780 3514 aaa
1797 3467 1849 3529 sa)
1873 3466 1939 3518 8888
1961 3466 2055 3520 reteri:
2081 3469 2195 3529 „itatius

319 3525 2195 3668 1111118111188118181181181181188118811111818111111111181·

230 3728 238 3737 ,
323 3670 466 3731 1188881818
485 3668 512 3721 8.
529 3670 554 3718 8.
573 3671 637 3731 188.
656 3670 752 3732 scripta
770 3668 802 3731 (i.
820 3668 837 3721 i.
856 3680 882 3732 p.
900 3667 976 3731 880.)
993 3667 1163 3728 „fabriles
1180 3668 1309 3731 ineptim“
1327 3667 1451 3731 appeiiai,
1469 3670 1496 3719 ei
1514 3640 1690 3723 iiioem’buic
1710 3672 1792 3725 amieo
1810 3642 1910 3727 sbribit:
1930 3678 1999 3738 „sex
2023 3677 2085 3729 totis
2109 3680 2192 3740 septi·

324 3740 409 3792 manis
427 3738 542 3791 888188
560 3738 969 3792 8118888818888818888118
987 3735 1168 3790 manatione
1185 3740 1292 3790 nostrae
1310 3736 1487 3791 consessionis
1511 3737 1743 3793 8888888881*-
1762 3743 1875 3796 888188
1899 3743 1953 3806 1888
1978 3744 2004 3796 18
2027 3744 2130 3808 iiepiica
2154 3747 2192 3800 88

322 3808 450 3861 88888881
469 3807 515 3860 toi.
534 3809 576 3858 18.
595 3814 697 3861 narrat:
717 3811 868 3871 „Augustae
886 3806 920 3859 88
938 3807 1059 3860 omuibus
1076 3806 1212 3869 ibcoiosis
1232 3806 1351 3871 (eramus
1369 3811 1457 3859 autem
1475 3819 1585 3860 numero
1603 3808 1660 3871 88.)
1684 3810 1721 3863 181
1745 3811 1863 3866 88188188
1888 3814 2058 3874 unanimiter,
2081 3817 2124 3878 qui
2146 3827 2192 3868 re·

323 3889 449 3940 sponsum
468 3888 589 3941 pararem
607 3883 696 3930 contra
714 3876 907 3931 contessionem
932 3877 1099 3939 saxonicam,
1116 3880 1144 3927 et
1165 3876 1266 3939 pami,“
1302 3878 1464 3940 Quapropter
1486 3876 1671 3941 cyprianus
1692 3880 1718 3932 in
1739 3880 1802 3934 iiisi,
1819 3882 1863 3934 bet
1885 3878 1979 3948 sunia
2005 3883 2077 3935 cont.
2100 3884 2143 3936 88.
2164 3887 2191 3935 8.

324 3945 420 4008 (Gotho
441 3946 517 3995 1788.
536 3946 591 4007 18.)
609 3958 634 4008 p.
653 3945 840 4000 8811881881
858 3947 1025 4008 germanicae
1048 3942 1236 3998 conmittionis
1276 3946 1360 3999 881188
1384 3948 1507 4000 8881181188
1526 3950 1659 4001 auctorem
1682 3950 1806 4004 nominat
1840 3952 1870 4004 11
1887 3952 1913 4004 18
1936 3953 2054 4005 88881881
2078 3954 2192 4016 epistota

323 4015 356 4066 88
375 4016 542 4067 Laurentium
561 4015 688 4067 78888888
701 4015 727 4066 8.
747 4015 845 4069 81181
866 4015 941 4066 1888.
961 4014 1229 4080 (8818888888181.
1272 4011 1404 4081 8888111188
1422 4027 1466 4080 tot
1490 4012 1608 4073 11188188
1631 4014 1779 4081 balciano
1801 4034 1826 4071 8.
1850 4016 2048 4085 1118888818).
2070 4023 2097 4074 Τ.
2121 4024 2138 4076 1.
2162 4036 2189 4087 p.

322 4083 374 4132 888
393 4095 451 4146 squ.
469 4082 554 4145 88118)
578 4082 700 4145 teguntur
716 4083 828 4135 haecce:
851 4085 899 4146 „iii
922 4084 1109 4149 respondit-
1132 4083 1195 4136 tien
1217 4085 1341 4139 88181888
1364 4085 1571 4148 iierbipoiensis,
1592 4097 1747 4151 responsum
1772 4089 1824 4142 iam
1848 4102 1908 4143 esse
1936 4088 2003 4155 [seii.
2028 4090 2193 4146 confessioni

324 4150 504 4216 augustanae}
524 4164 540 4203 8
557 4152 585 4204 ii.
604 4152 687 4204 18888
705 4152 812 4204 81811.
832 4151 918 4215 88818,
935 4164 1046 4219 8888888
1063 4154 1260 4218 responsionem
1278 4165 1338 4207 esse
1356 4152 1389 4205 88
1407 4154 1469 4207 libo.
1488 4155 1561 4208 Pont
1580 4166 1630 4218 per
1647 4156 1786 4211 88888888
1805 4159 2012 4213 transmissam.“
2030 4165 2078 4214 818.

270 4232 311 4303 ·’)
330 4236 372 4289 818
387 4238 567 4290 8188118888
585 4237 635 4291 81
651 4237 771 4300 Protega-
789 4248 814 4301 ii·
828 4234 897 4291 LXV·
914 4238 1017 4298 ludim·
1087 4262 1090 4267 ’

249 4320 291 4349 m
382 4325 388 4336 ¹
821 4322 827 4335 ⁴
1782 4330 1789 4342 ·
1930 4334 1940 4357 8

291 4324 304 4389 )
322 4323 2192 4467 11881881111118111111,18188181118811181118.1811181888181

321 4465 426 4515 starioc
442 4462 634 4529 consessionis
649 4464 676 4515 18
693 4463 773 4515 88888
792 4460 912 4515 88881881
929 4462 996 4515 libro
1013 4465 1164 4525 anonymice
1181 4467 1215 4520 88
1233 4467 1289 4529 ipso
1306 4464 1388 4518 edito:

375 4547 577 4611 marasim
593 4548 757 4613 1881188118
774 4552 907 4606 ictorum
923 4551 1066 4613 18888188
1081 4550 1112 4603 tn
1127 4555 1308 4614 repremit
1323 4553 1472 4617 18881818,
1489 4555 1519 4605 81
1535 4550 1679 4617 cottonem
1695 4555 1874 4621 1188888188,
1893 4557 2030 4612 Serestu-
2048 4558 2117 4621 iiept
2137 4561 2190 4616 iio.

409 4620 461 4673 818.
476 4618 590 4673 trudito
605 4616 652 4672 dte
668 4622 709 4674 11.
727 4621 791 4675 188.
808 4631 838 4674 a.
856 4618 908 4674 11.
944 4619 1005 4671 8188
1024 4618 1073 4671 1881
1090 4623 1136 4672 881
1153 4623 1304 4686 typographi
1321 4622 1423 4675 1881818.
1441 4621 1519 4673 1884.
1541 4622 1574 4672 88
1591 4622 1680 4687 81888.
1697 4622 1736 4675 88.

323 4712 504 4767 1888888181
522 4715 589 4769 11888
606 4726 622 4767 8
639 4714 815 4768 188881188
833 4718 860 4767 81
877 4713 1060 4767 1118888888
1077 4714 1104 4768 18
1120 4714 1238 4768 81811818
1255 4718 1337 4780 symb.
1354 4718 1374 4771 i.
1393 4729 1418 4781 p.
1440 4716 1487 4767 188
1504 4728 1544 4782 88.
1562 4729 1601 4770 88.
1623 4717 1681 4769 781.
1704 4719 1833 4772 88888888
1850 4720 1988 4774 exhibetur
2010 4725 2102 4786 888818
2119 4723 2191 4776 ioco:

321 4781 471 4836 1118888818
488 4784 613 4837 nemim
629 4783 824 4849 consessionis
840 4786 871 4837 et
886 4782 1038 4848 1881881188
1054 4786 1119 4847 1118.
1137 4784 1338 4852 ambram,
1357 4784 1494 4850 8818118888
1511 4787 1542 4839 in
1558 4787 1601 4840 818
1614 4786 1718 4853 pomi,
1736 4790 1765 4841 ei
1781 4788 1854 4851 8818
1866 4799 1924 4844 noa
1938 4791 2035 4854 888811
2050 4804 2071 4845 8
2089 4793 2190 4846 88118-

322 4850 388 4904 11818
404 4852 563 4915 miniari
578 4863 615 4905 ac
631 4853 728 4917 recipi,
746 4853 924 4917 iiattapom
939 4853 1257 4919 818888881881811.
1279 4880 1314 4892 -
1337 4854 1367 4920 8)
1391 4856 1503 4909 seorsim
1527 4854 1590 4909 88111
1615 4856 1721 4910 888181
1738 4856 1812 4910 iibri:
1833 4858 1863 4923 8)
1887 4859 1951 4913 188
1973 4873 1989 4913 8
2013 4862 2193 4915 1188881818

320 4920 458 4983 saepem
473 4920 691 4976 monumenta
707 4922 795 4977 18818
811 4926 840 4976 81
857 4921 1028 4977 itanum
1044 4922 1392 4989 18888811888888118118,
1409 4935 1598 4988 mormacus
1614 4928 1644 4979 et
1658 4924 1885 4993 monadorum,
1903 4940 1978 4992 8888
1994 4933 2064 4983 caat
2080 4941 2144 4984 cam
2161 4932 2194 4985 ta

324 4988 506 5055 emanare
520 4990 686 5046 1181188888
702 4995 781 5047 caea.
799 4992 947 5047 iioieatoti
962 4994 993 5046 18
1010 4993 1136 5047 comma
1152 4997 1217 5056 188.
1240 4993 1381 5058 88118118,
1399 4998 1460 5049 tarr
1477 4996 1509 5049 18
1530 4993 1655 5049 eiam
1671 4994 1815 5060 18818818.
1840 4998 1972 5053 comme
1990 4999 2065 5048 1888.
2090 5000 2115 5049 8.
2139 5000 2195 5065 (sia

323 5064 480 5113 recensetur
495 5073 512 5114 8
529 5061 664 5115 i'eneriiuo
682 5061 699 5114 i.
716 5061 732 5113 1
750 5060 769 5113 1
785 5072 812 5125 p.
832 5060 889 5111 186.
908 5073 948 5115 88.
965 5061 1049 5126 788.).
1067 5064 1097 5124 o)
1115 5062 1177 5115 188
1195 5062 1579 5120 11811181818811811181888
1595 5063 1631 5118 eie
1647 5064 1782 5121 8811888118
1799 5068 1878 5134 coiis.
1893 5071 1959 5130 188.
1976 5079 2052 5121 nanc
2065 5069 2194 5131 primun

322 5127 354 5182 18
370 5127 462 5182 iscar
478 5127 594 5188 88111888.
617 5129 781 5193 amatae
803 5129 881 5182 1888.
900 5131 942 5195 8.,
964 5130 1034 5195 quoii
1050 5131 1143 5194 postea
1160 5144 1184 5185 a.
1203 5131 1278 5182 1887.
1296 5145 1312 5185 8
1330 5133 1527 5188 warmundo
1544 5134 1602 5199 181
1623 5147 1694 5189 aum
1712 5136 1952 5191 i'oiiirertiioro
1969 5137 1995 5190 in
2012 5141 2191 5199 pannonicam

323 5196 442 5259 11888881
460 5200 615 5253 uenantum
634 5202 677 5254 est
693 5198 767 5265 (viiie
785 5198 868 5264 18118ς
885 5204 994 5265 8188888
1012 5198 1087 5263 iiber,
1105 5205 1132 5254 et
1148 5200 1244 5255 1811888
1262 5204 1290 5255 81
1305 5203 1471 5264 germanicus
1489 5206 1642 5258 recensetur
1663 5206 1833 5260 8188881188
1856 5208 1883 5259 et
1903 5205 2043 5261 iiieiierero
2060 5207 2077 5259 1
2094 5207 2110 5263 1
2129 5209 2148 5262 i.
2167 5221 2194 5273 p.

325 5266 385 5317 188.
409 5278 449 5321 88.
473 5266 532 5317 788.
555 5273 584 5322 81
606 5268 691 5336 tii).
726 5266 755 5334 8)
782 5268 842 5322 iii.
865 5269 1011 5323 11888811
1037 5268 1214 5336 Philippicae
1234 5269 1670 5336 8188818118188828888888188
1691 5274 1857 5331 8818881818
1883 5274 2022 5341 Mucio
2039 5289 2094 5343 per
2116 5277 2192 5337 etit

321 5334 386 5393 181.
403 5334 444 5401 (18
461 5337 489 5391 1.
505 5336 534 5391 c·
551 5336 734 5405 8118818818)
750 5335 881 5405 18181888.
899 5338 1032 5395 com
1048 5338 1125 5392 1888.
1143 5338 1176 5391 4⁰
1191 5338 1358 5406 (metuetur
1373 5353 1392 5395 a
1406 5340 1548 5397 1118888888
1564 5342 1581 5397 1
1598 5342 1616 5395 i.
1632 5343 1652 5397 1
1668 5355 1693 5409 p
1712 5343 1771 5394 187.
1787 5356 1826 5399 ur.
1843 5344 1928 5412 788.).
