4786 6210
183 446 251 517 993
337 455 345 465 “
552 454 592 522 11.
636 456 869 526 aromata
889 452 1206 523 conrsssttiortis
1229 449 1548 520 susbstantia.
1591 453 1634 519 Α.
1679 451 1826 522 Paion.
2127 458 2198 527 993

184 654 244 702 eos
272 638 435 724 mitigari,
457 659 531 706 corn
558 642 592 707 in
618 641 695 731 aliJs
719 643 873 730 negooijs
902 661 1005 728 saepe
1032 640 1162 708 leuissi·
1214 640 1345 727 synodo
1367 637 1516 705 Nioacna
1539 638 1633 718 dixit,
1645 635 1868 704 Honorabiles
1887 660 1966 707 esse
1986 645 2194 728 nuptias⁸⁹)

183 725 246 789 mis
279 725 322 788 de
355 725 468 790 causis
501 724 709 808 relaxentur,
739 729 857 815 Neque
889 729 1007 814 negari
1040 739 1162 813 potest,
1214 738 1249 792 et
1281 726 1467 791 castitatem
1490 729 1544 803 8ο)
1575 745 1650 790 cum
1681 725 1816 810 propria
1856 728 1998 814 coniuge
2033 731 2195 797 concubi·

184 809 262 896 quin
279 808 365 876 haec
386 810 562 894 prohibitio
591 814 737 903 coniugi]
752 818 806 894 88)
828 812 1024 899 simpliciter
1051 815 1095 880 sit
1115 817 1162 880 iu·
1214 823 1293 878 tum.
1309 818 1362 891 81)
1406 809 1467 876 llla
1499 830 1566 876 non
1600 821 1651 878 est
1683 811 1867 876 mundicias
1900 817 2071 893 vocanda,
2105 836 2197 901 quae

183 896 232 960 ris
265 894 410 962 humani.
465 895 508 961 Et
541 901 681 966 subinde
714 902 855 969 uariauit
869 902 924 979 8²)
961 902 1050 984 apud
1077 898 1162 965 alias
1214 897 1333 983 polluit
1355 899 1595 978 conscientias,
1616 908 1673 962 aut
1690 892 1928 977 fornicacione,
1956 911 2014 964 eut
2043 898 2119 986 alijs
2145 903 2193 968 iu·

184 991 314 1066 gentes,
337 993 371 1046 et
391 979 466 1065 alljs
489 988 704 1069 temporibus.
750 986 892 1052 Veteres
916 1005 1063 1052 canones
1083 1006 1162 1051 con·
1216 984 1342 1070 cendijs
1369 983 1558 1062 libidinum,
1588 981 1630 1047 Et
1654 979 1779 1049 Paulus
1802 984 1945 1062 mauult,
1969 995 2005 1050 vt
2028 987 2193 1071 coniuges

185 1067 307 1134 cedunt
326 1069 559 1135 sacerdotibus
582 1074 705 1137 ducere
730 1092 872 1150 vxores,
900 1072 961 1137 sed
991 1084 1163 1137 remouent
1216 1071 1433 1149 conueniant,
1455 1089 1554 1154 quam
1582 1080 1619 1133 vt
1649 1078 1818 1135 tententur
1839 1091 1860 1134 a
1890 1071 2026 1136 Satana.
2071 1070 2195 1140 Verius

186 1171 288 1218 eosa
315 1153 517 1233 ministerio,
545 1177 613 1222 non
647 1160 943 1223 excommunicant.
988 1157 1162 1222 Recentio·
1214 1156 1337 1221 iudicat
1363 1173 1441 1221 esse
1471 1155 1668 1220 mundiciam
1701 1155 1974 1220 consuetudinem
2006 1157 2196 1243 coniugum,

185 1258 242 1302 res
264 1258 430 1318 canones,
457 1241 513 1324 qui
541 1243 573 1305 in
601 1253 693 1308 tanta
722 1240 928 1309 multitudine
951 1245 1163 1309 sacerdotum
1239 1262 1315 1308 uam
1348 1254 1400 1307 est
1432 1238 1589 1307 simulata
1629 1241 1841 1318 continentia,
1875 1243 1905 1305 si
1937 1241 2022 1305 desit
2059 1244 2193 1312 donum

56 1374 70 1391 ,
185 1326 332 1391 mitiores
355 1343 433 1388 esse
455 1324 634 1406 debebant,
653 1330 761 1392 minus
783 1340 861 1393 sunt
883 1325 1076 1394 clementes.
1216 1261 1414 1413 Quanquam
1436 1325 1521 1392 haec
1551 1347 1607 1392 ras
1637 1347 1705 1391 non
1736 1325 1838 1391 habet
1867 1346 1952 1410 opus
1968 1332 2021 1407 88)
2046 1330 2195 1415 dispute-

276 1408 487 1496 Aliquamdir
508 1408 599 1477 licuit
622 1413 771 1491 diaconis
789 1415 823 1477 in
838 1414 1020 1480 ministerio
1039 1433 1162 1481 uxores
1217 1413 1323 1493 cinna,
1345 1411 1432 1478 Tota
1454 1415 1620 1496 scriptura
1641 1411 1756 1477 laudat
1777 1412 1853 1476 coni
1901 1414 1976 1478 ium.
2021 1412 2063 1478 Et
2092 1416 2192 1481 docet

185 1496 328 1574 ducere,
358 1498 404 1560 ita
432 1507 468 1560 vt
489 1491 558 1561 rion
580 1512 781 1585 cogerentur
813 1501 971 1565 abdicare
1005 1495 1163 1579 officium,
1216 1517 1279 1563 nos
1302 1499 1543 1564 ordinationem
1560 1511 1594 1563 et
1610 1498 1794 1563 institutum
1808 1501 1862 1576 88)
1919 1499 1949 1562 ei
1967 1517 2055 1563 esse.
2086 1500 2201 1574 Quare

184 1585 214 1648 si
236 1595 347 1647 tamen
368 1600 436 1646 non
459 1585 649 1663 vouissent,
676 1584 719 1650 Et
746 1604 869 1650 vonere
900 1605 969 1651 non
998 1588 1164 1672 cogeban·
1216 1587 1321 1649 verbo
1348 1582 1413 1647 Dei
1436 1583 1680 1650 sanctificatum
1702 1593 1763 1649 est.
1809 1582 1870 1647 Est
1892 1584 1991 1669 igitur
2013 1587 2199 1651 mundicias
2279 1609 2281 1613 ·

185 1681 250 1747 tur,
274 1667 311 1731 ld
333 1686 465 1752 quoquo
478 1671 548 1749 ⁸²⁸)
571 1680 690 1754 postea
711 1680 872 1736 mutatum
894 1683 956 1735 est.
1218 1668 1417 1755 coniugalis,
1439 1668 1535 1749 fides,
1558 1690 1623 1754 qua
1645 1669 1957 1758 creduutconiuges
1976 1666 2201 1755 placereDeo
2227 1738 2232 1747 ,

271 1752 338 1817 Diu
353 1755 406 1831 88)
440 1772 639 1821 concessum
666 1767 732 1832 est,
766 1765 804 1821 vt
827 1757 1017 1844 presbyteri
1048 1759 1164 1823 retinc-
1216 1757 1283 1822 hoe
1305 1757 1392 1820 vitae
1415 1775 1535 1840 genoe,
1557 1767 1591 1820 et
1613 1765 1741 1832 curant,
1759 1765 1796 1820 vt
1817 1756 1907 1820 iuxta
1927 1757 2118 1821 mandatum
2134 1755 2200 1822 Dei

184 1849 259 1903 rent
292 1857 416 1904 vxores
449 1839 523 1920 (fol.
558 1840 628 1918 32¹)
662 1843 783 1908 draus
809 1854 889 1908 ante
928 1843 1164 1909 sacerdotium.
1218 1838 1387 1906 ambulent
1407 1843 1442 1906 in
1464 1840 1530 1908 hoc
1553 1841 1641 1907 vitae
1659 1860 1797 1927 genere,
1818 1859 1887 1905 non
1909 1851 2109 1926 scortentur,
2131 1860 2201 1909 nou

184 1922 260 1990 Hoc
289 1942 424 2010 quoque
453 1936 614 1992 mutatum
648 1938 700 1993 est
732 1925 989 1994 reclamantibus
1018 1927 1165 2016 Synodis
1187 1845 1194 2004 ]
1218 1928 1422 1994 committant
1443 1925 1640 1994 adulterium
1661 1939 1727 1994 etc.

184 2008 345 2096 Nycaena
363 2019 398 2073 et
414 2007 794 2097 Constantinopolitano.
1090 2091 1093 2095 ἱ
1303 2013 1423 2100 Neque
1442 2023 1494 2079 est
1514 2013 1592 2078 ficta
1613 2010 1713 2079 laude
1735 2008 1920 2079 coelibatus
1942 2013 2133 2092 ornandus,
2152 2013 2202 2078 ite

273 2095 310 2160 Si
344 2106 423 2160 tunc
456 2115 524 2161 non
557 2096 693 2163 offendit
724 2099 874 2177 nouitas,
914 2119 990 2164 curn
1023 2100 1166 2166 mutacio
1218 2109 1254 2164 vt
1276 2111 1458 2186 granantur
1481 2099 1707 2165 conscientiae
1729 2098 1923 2183 coniugum,
1946 2099 2041 2182 quasi
2063 2118 2200 2164 versen-

187 2177 277 2247 iacta
299 2192 351 2246 ast
369 2191 486 2247 contra
503 2184 712 2249 autoritatem
724 2187 779 2265 88)
802 2185 1016 2271 Sp‘nodorum
1035 2198 1070 2251 et
1088 2206 1167 2253 con·
1217 2195 1272 2250 tur
1293 2186 1328 2249 in
1349 2186 1518 2250 immundo
1540 2203 1667 2272 genere
1687 2184 1788 2249 vitae.

117 2322 122 2331 .
187 2269 313 2333 troius
336 2267 490 2343 diuinum,
514 2289 575 2333 cur
591 2290 679 2335 nunc
697 2269 900 2348 offendit⁸⁶)
922 2271 1067 2349 nouitas,
1091 2291 1167 2338 cum
1303 2269 1499 2358 Aduersarij
1522 2273 1620 2336 uobis
1637 2270 1809 2356 obijciunt,
1828 2268 1918 2355 quod
1942 2268 2102 2334 leuiniani
2123 2268 2200 2348 (fol.

188 2362 320 2419 constet
350 2349 432 2426 nihil
464 2352 537 2418 fieri
550 2357 604 2433 ⁸⁶)
639 2366 755 2420 contra
786 2358 838 2422 ius
852 2359 906 2435 87)
939 2357 1104 2436 diuinum,
1138 2356 1168 2420 si
1219 2353 1288 2433 338)
1310 2357 1466 2422 haeresin
1485 2376 1679 2442 sequamur,
1708 2357 1765 2441 qui
1787 2356 1830 2420 de
1858 2351 2012 2424 laudibus
2033 2354 2202 2441 virginita-

182 2438 377 2525 ‚coniugium
398 2441 602 2506 concedatur
623 2439 701 2507 huic
723 2442 855 2507 ordini?
891 2439 1094 2508 Praesertim
1114 2442 1168 2507 his
1220 2443 1263 2506 tis
1297 2440 1449 2507 detrahit.
1498 2442 1570 2507 Nos
1603 2460 1673 2506 non
1705 2442 1933 2525 vituperamus
1965 2440 2201 2526 virginitatem.

185 2525 363 2612 postremis
386 2527 602 2610 temporibus,
626 2547 701 2592 curn
722 2526 882 2613 paulatim
910 2548 986 2594 eum
1012 2529 1089 2612 ipsa
1116 2547 1167 2594 re·
1218 2526 1350 2592 Habeat
1371 2525 1431 2596 illa
1451 2546 1546 2594 suam
1569 2526 1712 2599 laudem,
1735 2546 1834 2610 quam
1855 2527 1969 2591 tribuit
1987 2526 2017 2590 ei
2033 2522 2202 2607 Christus,

185 2630 259 2676 rum
291 2622 411 2675 natura
448 2624 631 2678 senescunt
666 2614 764 2679 etiam
796 2614 897 2680 vires
926 2615 1095 2679 hominum
1134 2624 1169 2680 et
1219 2613 1275 2699 qni
1298 2609 1415 2679 laudat
1435 2631 1514 2692 eos,
1543 2613 1598 2699 qui
1628 2632 1667 2676 se
1694 2622 1831 2697 propter
1860 2628 2001 2697 regnum
2032 2608 2203 2676 coelorum

186 2707 343 2763 crescant
356 2698 410 2775 88)
432 2698 543 2764 vicia?
588 2697 700 2771 Quare
728 2699 876 2766 remedia
898 2720 919 2764 a
940 2698 1016 2766 Deo
1045 2719 1168 2785 propo·
1220 2708 1462 2765 castrauerunt.
1505 2697 1580 2762 Nos
1602 2717 1671 2763 non
1693 2699 1736 2763 de
1756 2697 1965 2782 virginitate,
1992 2696 2054 2761 sed
2083 2698 2125 2761 de
2146 2697 2203 2763 lm·

186 2784 251 2849 sita
273 2804 339 2849 non
363 2793 441 2849 sunt
462 2785 678 2869 repudianda.
724 2784 793 2851 lmo
820 2788 873 2850 ius
899 2786 1046 2852 diuinum
1077 2785 1169 2872 cogit
1219 2782 1398 2852 bacillitate
1429 2785 1599 2850 homiuum
1613 2788 1667 2862 ⁹⁴)
1697 2784 1915 2868 disputamus.
1960 2780 2074 2868 Digna
2102 2776 2204 2848 lauda

185 2869 268 2948 hos,
290 2870 345 2954 qui
367 2888 435 2934 uon
456 2870 581 2935 habent
608 2871 732 2936 donum
761 2872 941 2951 castitatis,
969 2872 1169 2937 contrahere
1218 2869 1394 2956 virginitas
1413 2881 1469 2937 est
1488 2871 1523 2935 in
1545 2870 1617 2947 his,
1639 2870 1696 2955 qui
1717 2869 1844 2935 habent
1865 2869 1963 2946 id⁹⁶)
1993 2870 2137 2946 donum,
2164 2867 2202 2934 Sl

185 2955 401 3021 matrimonia.
446 2956 502 3021 Sic
531 2956 617 3020 enim
650 2954 775 3023 Paulus
806 2957 993 3047 praecepit,
1026 2956 1169 3043 Propter
1220 2958 1275 3043 qui
1297 2976 1366 3021 non
1387 2955 1512 3021 habent
1534 2957 1670 3034 donum,
1693 2966 1762 3020 non
1783 2963 1861 3020 sunt
1881 2955 2043 3019 onerandi
2065 2952 2204 3025 durissi·

186 3036 440 3106 fornicationem
478 3042 708 3128 vnusquisqne
740 3041 863 3107 habeat
890 3063 1029 3109 vxoreut
1061 3061 1168 3109 suano
1219 3061 1274 3107 mo
1296 3040 1447 3121 (lenone,
1458 3042 1515 3128 qui
1535 3039 1736 3106 coelibatum
1746 3040 1926 3125 praecepit.
1941 3042 1996 3114 88)
2031 3038 2090 3105 Sic
2101 3039 2204 3105 etiam

185 3122 261 3191 Hoc
283 3124 475 3189 mandatum
496 3122 616 3192 bbrrat
638 3148 659 3192 a
681 3125 874 3193 canonibus
902 3128 986 3208 hos,
1015 3129 1072 3214 qui
1099 3149 1168 3195 non
1218 3128 1377 3194 iudicauit
1393 3126 1606 3206 Ambrosius,
1628 3128 1687 3213 qui
1706 3127 1823 3212 inquit,
1845 3121 1927 3192 Sola
1938 3126 2114 3213 virginitas
2136 3134 2203 3205 est,

186 3222 266 3276 sunt
295 3210 407 3274 idonei
438 3210 482 3274 ad
515 3209 735 3293 coelibatum,
768 3212 878 3300 Magis
911 3214 998 3279 enlm
1036 3226 1169 3303 oportet
1219 3232 1306 3300 quac
1323 3213 1456 3279 suaderi
1477 3222 1606 3297 potest,
1628 3214 1783 3296 imperari
1804 3231 1872 3278 non
1899 3221 2027 3296 potest,
2055 3230 2113 3278 res
2134 3229 2205 3279 ma·

189 3296 325 3361 obedire
347 3293 435 3374 Deo,
457 3314 556 3381 quam
577 3296 776 3364 hominibus.
1103 3359 1109 3369 ,,
1176 3338 1199 3384 ·‚
1219 3299 1273 3386 gis
1295 3309 1349 3363 est
1364 3298 1445 3378 voti,
1459 3303 1513 3374 87)
1537 3319 1638 3385 quam
1659 3298 1839 3382 praecepti.
2195 3323 2200 3342 ·

272 3379 372 3454 Quod
399 3391 509 3447 autem
540 3382 724 3470 aduersartj
758 3382 1023 3464 raciocinantur,
1051 3394 1198 3537 sacen,
1262 3383 1333 3450 Sed
1353 3383 1468 3449 iubent
1489 3385 1659 3468 impetrari
1681 3384 1889 3449 orationibus
1909 3393 1944 3447 et
1972 3379 2049 3469 alijs
2075 3383 2203 3448 exerci-

186 3469 281 3535 dotes
301 3466 425 3532 debere
446 3466 588 3532 mundos
615 3488 711 3553 esse,
740 3470 818 3556 qula
847 3471 1026 3537 conueniat
1057 3489 1169 3536 sacra·
1219 3470 1294 3556 cijs.
1339 3466 1408 3535 Gur
1427 3467 1496 3536 hoe
1516 3470 1574 3536 isti
1596 3489 1665 3537 non
1681 3467 1819 3547 faciunt,
1841 3470 1899 3552 qui
1920 3464 2103 3535 detendunt
2119 3484 2199 3532 oee-

185 3563 297 3620 menta
320 3552 486 3618 tractoria
502 3552 645 3634 mundis,
656 3566 750 3621 recte
768 3565 1053 3644 argumentantur.
1082 3554 1169 3621 Nam
1190 3543 1195 3621 l
1217 3552 1379 3622 libatum‘.l
1400 3575 1541 3642 quorum
1563 3573 1640 3622 aum
1660 3557 1729 3621 sint
1753 3555 1929 3619 notissime
1954 3553 2102 3639 flagicia,
2130 3570 2200 3620 non

186 3638 376 3723 coniugium
406 3657 475 3703 non
508 3653 560 3703 est
592 3640 830 3708 immundicias.
875 3641 953 3722 (fol.
977 3641 1049 3723 398)
1078 3641 1168 3707 Scri·
1190 3623 1195 3714 Ι
1217 3652 1297 3707 sunt
1328 3640 1501 3707 hocloco
1529 3642 1619 3726 apud
1647 3641 1883 3725 imperatorem
1915 3639 2140 3704 castissimum
2168 3648 2203 3704 et
2255 3704 2265 3731 ‚

185 3734 283 3810 ptura
316 3723 403 3788 enim
436 3724 516 3789 dicit
542 3723 746 3794 Honorabile
775 3727 963 3814 coniugium
991 3747 1080 3794 esse.
1124 3724 1169 3792 llt
1218 3728 1482 3794 amantissimum
1503 3728 1682 3811 pudicitiae
1711 3725 2010 3790 commemoranda.
2055 3725 2202 3791 sedita

185 3821 323 3877 sanetus
356 3821 483 3894 martyr
515 3807 722 3895 Paphnutius
761 3814 971 3880 adsentiente
1010 3814 1169 3881 vniuersa
1218 3813 1471 3897 respondemus.
1506 3813 1544 3878 ld
1563 3831 1630 3876 non
1652 3823 1706 3876 cst
1726 3830 1836 3884 orare,
1858 3812 2062 3877 sedtentare
2079 3809 2202 3886 Deum,

1221 4001 1426 4012 -ι--υ--ι

189 4136 235 4200 31)
255 4134 384 4199 coniugii]
399 4151 448 4200 pro
467 4134 513 4185 tao
529 4149 596 4196 acce,
614 4152 685 4202 quom
703 4134 822 4187 Onold.
841 4149 934 4204 quoque
952 4144 975 4188 et
993 4136 1105 4203 Chytr.
1125 4153 1168 4190 ee-
1219 4137 1266 4203 39)
1285 4148 1343 4187 osse
1361 4136 1477 4203 nuptias]
1496 4135 1620 4201 Chytr:
1638 4137 1741 4202 nuptias
1760 4150 1816 4186 esse
2256 4182 2262 4196 ,

256 4202 345 4264 hibent,
363 4203 603 4284 398888888888
620 4205 726 4286 98888·
747 4208 857 4286 meum
880 4207 1029 4288 88898θῖ898
1055 4209 1170 4288 ”edwii
1218 4223 1267 4289 90)
1286 4222 1443 4289 castitatem]
1463 4224 1501 4273 ric
1517 4221 1688 4288 Spoletini
1706 4221 1887 4290 «impropriam,
1910 4223 1937 4271 in
1959 4237 2005 4287 quo
2031 4228 2113 4272 ardent
2129 4221 2199 4272 Me·

256 4270 370 4354 ”dswff
394 4272 463 4322 ¹H¹⁰⁰
491 4271 579 4324 dim
606 4280 630 4324 ⁸
656 4274 768 4343 &rampe
792 4290 821 4325 ”⁸
850 4275 935 4327 888888
961 4276 1027 4327 888*
1052 4277 1168 4343 'mimi‘
1286 4291 1430 4343 lanthon
1453 4293 1481 4341 in
1503 4292 1616 4359 marciae
1643 4291 1790 4357 adroripst't:
1814 4305 1886 4360 esso,
1910 4296 2059 4357 quapropter
2083 4290 2200 4355 (ihm.

257 4354 371 4406 ⁰⁰¹¹¹¹¹8¹J
1286 4362 1314 4410 r'n
1339 4366 1410 4411 texto
1437 4358 1522 4412 habet:
1550 4361 1696 4409 casdtatem
1718 4373 1790 4426 esse,
1811 4375 1840 4410 sn
1866 4357 1989 4411 Onold.
2016 4357 2117 4410 vebum
2140 4374 2199 4412 esse

188 4426 235 4492 39)
252 4425 375 4492 uariauit]
395 4425 528 4476 Onold.:
547 4427 650 4478 variant
1288 4428 1363 4480 dead.

188 4510 377 4577 idoneoque]
397 4510 529 4563 Onold.:
547 4512 620 4579 quod
1218 4515 1266 4580 91)
1286 4509 1469 4582 concubitum]
1486 4514 1773 4565 Poerstemannus
1790 4514 1818 4562 r'o
1834 4527 1880 4563 tuo
1897 4508 1949 4565 Ed.
1969 4508 2069 4563 Codicis
2092 4510 2201 4565 Gnell.

189 4596 236 4662 33)
254 4594 320 4661 Diu]
338 4596 472 4650 Onold.,
490 4598 562 4649 Dei„
1287 4585 1351 4635 mole
1368 4582 1476 4634 abibat:
1494 4583 1658 4635 concubium.

188 4680 235 4746 tt)
254 4680 429 4751 autoritatem]
444 4700 492 4751 pro
510 4682 557 4734 doc
574 4698 645 4742 voce,
671 4699 734 4750 quoe
759 4698 810 4732 oon
830 4689 925 4735 tardum
948 4685 976 4734 r'o
1002 4681 1121 4734 Onold.
1144 4692 1169 4736 d
1218 4667 1266 4732 98)
1285 4668 1365 4719 88888
1382 4669 1460 4732 8388]
1478 4668 1614 4730 Onold.,
1633 4667 1762 4733 083888
1780 4682 1846 4733 8388
1864 4666 1945 4717 88888

257 4749 382 4816 Chytr.,
401 4752 580 4803 sedationis
598 4751 705 4804 Guell'.
723 4752 826 4817 ὡρίων,
844 4752 1170 4804 Poerstemaunusr's
1219 4753 1267 4820 93)
1286 4754 1480 4804 ordinationem
1506 4761 1532 4804 et
1557 4755 1717 4820 institutum]
1745 4753 1878 4806 Onold.:
1905 4752 2052 4803 institutum
2075 4757 2102 4800 et
2125 4751 2196 4802 ordi·

257 4833 304 4868 auo
320 4817 372 4871 Ed.
392 4818 492 4873 Cedias
510 4818 619 4872 Gueli.
630 4820 703 4884 salso
722 4820 832 4872 alaha:
849 4821 889 4873 lus
1288 4825 1426 4872 necionem
2074 4818 2077 4827 '

187 4901 809 4973 tt)offeno1t10n01o.,chytr.:offendet
1219 4906 1267 4975 94)
1286 4908 1318 4956 de
1341 4908 1520 4959 imbecillitate
1541 4904 1688 4973 homiuum]
1711 4905 1844 4959 Onold.:
1868 4906 1901 4956 de
1923 4905 2059 4956 hominum
2083 4903 2202 4959 miscit-

187 4987 235 5055 ιο)
253 4990 318 5042 nnn
344 4990 412 5057 ren]
435 5007 485 5058 pro
511 4990 556 5042 aa
581 4990 710 5043 vatam
741 4976 840 5055 aad,
871 4994 914 5061 qo
939 4993 966 5043 o
997 4993 1117 5045 cnoro.
1145 5001 1169 5047 a
1287 4976 1363 5025 8888

257 5056 369 5122 Chytr.
388 5061 521 5121 invenitor,
545 5058 745 5124 Spalatinus
763 5063 790 5111 ia
807 5059 915 5115 Guoll.
940 5063 1041 5129 empsit
1058 5062 1168 5130 quiderm
1218 5059 1266 5127 95)
1283 5059 1323 5126 ld]
1341 5057 1402 5114 doec
1417 5076 1480 5122 aaa,
1498 5077 1561 5130 quoe
1578 5064 1653 5115 dicun
1669 5062 1696 5113 s‘o
1720 5061 1836 5115 Onold.
1856 5067 1880 5114 d
1900 5060 2021 5126 'Chytn
2044 5057 2152 5125 lawr
2173 5059 2202 5110 88

256 5125 314 5177 lieri
342 5128 425 5191 nihil,
452 5129 497 5181 ted
521 5129 612 5180 litteris
636 5131 812 5196 superpositin
838 5130 855 5179 b
879 5145 900 5181 a
925 5130 1083 5199 indipitcot't,
1109 5130 1170 5184 hoec
1288 5127 1397 5182 Gueli.
1415 5129 1637 5196 oS-palatinc
1654 5148 1731 5199 supro
1748 5131 1950 5197 &mamper
1967 5135 2012 5182 ert.
2228 5135 2231 5138 ⁴

255 5195 332 5247 ⁰⁰⁹¹]ss
349 5196 436 5250 “dim
452 5199 549 5250 “W''li’
568 5197 671 5264 898888
688 5213 751 5251 “W
772 5199 839 5250 88888
856 5198 915 5250 8888
1218 5215 1267 5283 96)
1286 5213 1438 5284 praecepit]
1457 5212 1587 5269 Onold.:
1605 5216 1741 5283 praecipit.

187 5279 304 5349 8’1)888]
325 5281 618 5345 0838888888ῑῑ88
1218 5302 1267 5369 97)
1286 5302 1355 5365 voti]
1382 5299 1442 5354 daeo
1467 5317 1514 5352 coa
1545 5319 1563 5353 o
1588 5303 1768 5369 Spalatino
1789 5304 1817 5353 is
1841 5299 1951 5353 Guell.
1973 5288 2200 5359 mamiato·

188 5365 236 5432 33)
255 5366 385 5434 mascam]
404 5368 533 5432 onyca:
552 5376 672 5421 crescm
690 5384 695 5389 ·
1288 5369 1448 5423 leuthone
1464 5372 1493 5422 is
1509 5369 1555 5424 doc
1573 5369 1633 5424 Ood.
1651 5387 1730 5441 supro
1747 5372 1836 5425 Μ
1851 5370 1982 5440 mepta
2000 5375 2044 5423 ad·

1935 5469 1992 5522 tt·
