4786 6210
144 400 263 473 ,sao
473 432 479 437 -
646 401 760 471 ran.
781 402 887 471 unu.
908 401 1097 471 semera
1120 399 1388 469 noeuarrca
1406 398 1464 467 er
1483 397 1755 469 sruaourcn.
1914 382 1917 387 ’
2149 395 2223 465 cao

108 520 129 557 ἱ,

197 591 312 655 aiones
348 588 518 657 habebant
549 587 657 669 viles,
689 613 752 657 nec
785 593 895 658 vinum
928 593 1105 671 bibebant,
1139 603 1176 655 vt
1228 602 1294 654 tem
1316 585 1408 655 sactu
1431 599 1529 655 erunt
1549 587 1652 654 irrita.
1697 585 1768 652 Sed
1788 589 1935 655 nondum
1963 599 2062 653 norat
2089 585 2216 655 llccle·

196 676 314 741 scribit
341 675 498 742 ieremias
532 673 614 741 Ca.
648 667 758 742 xxxv}
770 681 812 755 16)
867 677 1002 745 Scilicet
1033 675 1176 762 pulchre
1227 677 1279 740 sia
1300 675 1386 741 haec
1408 687 1497 741 vota.
1542 673 1657 760 itaque
1679 674 1815 740 damnat
1835 672 1961 740 Paulus
1985 674 2120 752 viduas,
2143 693 2217 740 nou

197 762 338 846 quadrat
360 760 545 847 exemplum
599 761 821 830 cohabitamm
843 765 887 830 ad
905 763 1094 830 Monachos
1115 784 1176 828 no·
1228 760 1305 847 quia
1326 762 1462 827 nubunt.
1497 759 1591 825 lubet
1613 760 1699 823 enim
1721 760 1848 825 nubere
1867 761 2027 838 iuniores,
2049 759 2111 825 sed
2156 760 2219 825 uia

196 858 301 924 atros,
322 867 463 932 quorum
479 845 683 913 hlonasterie
704 862 865 933 superent
885 848 1010 936 palatia
1031 848 1174 935 Regum,
1229 843 1362 932 publico
1385 857 1519 931 sumptu
1545 842 1646 910 alitae
1672 841 1911 924 lasciuiebant,
1938 847 1992 911 ide
2038 865 2079 910 ue
2109 782 2215 911 illem

196 933 252 1019 qui
275 928 459 998 lautissime
479 933 603 998 viuum.
640 931 682 998 Et
694 933 896 1002 Rechabitae
907 936 940 1001 in
962 933 1020 1000 ille
1031 936 1174 1000 omnium
1227 932 1438 1014 abijciebant.
1464 929 1546 1036 ‘lione
1567 942 1669 996 vocat
1689 931 1827 1036 primam
1849 930 1958 1032 iidem,
1982 933 2032 996 sci
2047 933 2215 1008 ‘oet,n0u

196 1018 1082 1193 tzitttb‘ittt‘tt.titt‘ttiirtt.titt:
1098 1018 1175 1171 iit·
1229 1016 1531 1189 itblttttttt
1556 1013 1918 1187 {ihihiii'i'iimir
1940 1017 2213 1189 ᾇέἒᾚὲἒζ

196 1186 345 1254 libatum.
389 1186 565 1255 Caeterum
598 1188 750 1275 exempla
781 1193 874 1259 iuxta
906 1191 1074 1280 regulam,
1107 1191 1176 1256 hoo
1228 1203 1262 1254 et
1285 1190 1426 1254 maxime
1442 1188 1647 1253 domesticos
1667 1208 1737 1252 non
1759 1200 1870 1267 curat,
1899 1187 1996 1254 iidem
2017 1124 2213 1274 shnegauit.

196 1284 266 1353 est,
287 1274 379 1340 iuxta
402 1273 589 1359 scripturas
612 1288 723 1342 certas
744 1288 777 1343 et
806 1277 934 1357 claras,
963 1299 1030 1344 non
1058 1289 1175 1344 contra
1228 1272 1337 1341 Aliter
1358 1276 1444 1340 enim
1467 1274 1509 1338 de
1529 1271 1595 1338 hdo
1615 1271 1764 1359 loquitur
1784 1294 1884 1360 quam
1907 1273 2098 1359 sophistae.
2133 1273 2213 1339 Nou

196 1358 366 1447 reguiam,
394 1380 456 1424 seu
483 1373 601 1427 contra
632 1364 817 1446 scripturas
851 1364 1062 1448 interpretari
1097 1384 1175 1428 oon·
1227 1361 1340 1427 tribuit
1371 1359 1468 1426 iidem
1502 1359 1555 1424 his
1593 1361 1649 1445 qui
1689 1358 1815 1425 hahent
1846 1372 2018 1445 pecoetum
2054 1357 2213 1425 mortale.

197 1447 298 1510 uenit.
342 1443 570 1512 Certissimum
603 1460 656 1512 est
688 1461 797 1515 autem
830 1452 1083 1517 obseruationes
1117 1469 1175 1514 no·
1229 1446 1306 1512 ideo
1329 1447 1408 1511 dicit
1429 1446 1494 1511 hos
1518 1445 1664 1530 abijcere
1686 1443 1804 1523 fidem,
1825 1446 1880 1531 qui
1902 1466 1970 1511 non
1993 1457 2109 1512 curent
2131 1465 2212 1528 pro·

196 1542 286 1596 stras
308 1549 374 1594 non
397 1534 517 1596 mereri
537 1535 766 1599 remissionem
788 1548 1021 1619 peccatorum,
1049 1547 1106 1600 ant
1127 1535 1176 1600 iu·
1226 1532 1381 1618 pinques.
1425 1530 1469 1595 Et
1490 1532 1534 1597 ed
1556 1532 1698 1597 eundem
1725 1532 1859 1596 modum
1886 1533 1965 1601 dicit
1993 1528 2211 1597 mulierculas

196 1614 442 1682 stificationem.
493 1617 607 1691 Quare
639 1640 714 1685 cum
747 1618 925 1687 laudantur
957 1619 1174 1700 Rechehitae,
1225 1615 1415 1703 petulantes
1438 1615 1536 1682 iidem
1557 1616 1715 1701 abiicere.
1728 1616 1783 1694 ”J

195 1721 338 1766 necesse
352 1716 412 1766 est
435 1722 494 1767 ces
517 1723 643 1769 morem
671 1726 785 1785 suum,
810 1728 878 1771 non
905 1709 981 1772 ideo
1006 1726 1175 1785 seruasse,
1312 1702 1541 1769 Percurrimus
1561 1701 1689 1788 aliquot
1711 1713 1844 1767 nostras
1867 1703 2013 1767 rationes
2036 1713 2070 1767 ot
2097 1703 2213 1768 obiter

197 1787 288 1873 quod
321 1789 484 1853 sentirent
515 1808 554 1853 se
586 1809 647 1874 per
685 1811 760 1856 eum
793 1795 912 1858 mereri
946 1794 1175 1859 remissionem
1226 1786 1382 1855 diluimus
1415 1810 1456 1855 ea
1488 1809 1575 1874 quae
1607 1788 1792 1871 aduersarij
1827 1787 1997 1873 obijcient.
2046 1786 2089 1852 Et
2121 1787 2212 1855 haec

196 1884 424 1959 pennatorum,
445 1883 501 1939 unt
524 1876 739 1961 opusipsum
762 1876 887 1944 cultum
899 1899 977 1944 esse
995 1876 1175 1944 iustificari·
1228 1872 1427 1961 collegimus
1461 1895 1528 1940 non
1564 1873 1675 1939 solum
1709 1883 1845 1958 propter
1878 1875 2111 1952 aduersarios,
2147 1872 2213 1939 sed

195 1971 274 2036 tem,
295 1970 352 2023 aut
371 1970 510 2043 proptor
531 1981 630 2046 quem
654 1976 939 2048 consequerentur
949 1965 1050 2031 vitam
1069 1974 1175 2028 aeter·
1227 1957 1330 2025 multo
1360 1962 1468 2047 magis
1500 1975 1637 2046 propter
1663 1960 1736 2044 pias
1764 1971 1911 2038 mentes,
1938 1972 1974 2025 vt
2000 1958 2149 2025 habeant
2175 1959 2211 2026 iu

194 2063 288 2121 amn,
318 2065 385 2108 non
413 2064 475 2131 per
500 2047 762 2113 misericordiam
783 2047 870 2130 Dei,
897 2061 1032 2138 propter
1060 2068 1176 2114 semen
1228 2057 1411 2133 conspectu
1434 2066 1574 2125 causas,
1603 2065 1706 2130 quere
1727 2045 1917 2129 improbare
1939 2046 2082 2112 debeant
2101 2045 2212 2132 hypo-

197 2131 407 2214 promissum.
447 2131 515 2196 Sed
561 2132 616 2197 uie
638 2131 827 2201 habuerunt
848 2136 1037 2201 mandatum
1058 2155 1177 2218 paren·
1228 2131 1329 2196 crisin
1362 2145 1395 2199 et
1426 2131 1525 2198 fictos
1552 2128 1662 2197 cultus
1689 2129 1916 2210 hionasticos,
1951 2150 2037 2217 quos
2073 2131 2212 2216 quidem

194 2227 275 2292 turn,
297 2212 452 2282 laudatur
474 2152 674 2298 obelientia,
696 2220 738 2285 de
759 2241 826 2305 qua
848 2232 940 2287 extet
961 2233 1176 2306 praeceptum
1227 2228 1317 2283 totos
1349 2217 1440 2283 haec
1474 2238 1539 2283 vna
1574 2237 1641 2283 vox
1679 2213 1804 2281 Christi
1842 2217 2004 2303 abrogat,
2035 2236 2110 2282 cum
2150 2218 2211 2282 ait.

195 2298 271 2366 Dei.
314 2298 452 2367 Honora
475 2315 603 2387 patrem
626 2316 659 2370 et
681 2316 831 2371 matrem.
869 2304 1000 2373 Deinde
1023 2327 1095 2371 mos
1117 2307 1176 2371 ha·
1227 2303 1367 2368 Frustra
1388 2300 1505 2368 colunt
1525 2324 1577 2368 me
1599 2302 1765 2367 mandatis
1786 2300 1965 2367 hominum.
1998 2301 2111 2377 Quare
2129 2314 2212 2368 rota

193 2388 298 2454 hebet
319 2384 418 2453 finem
442 2389 629 2475 proprium,
663 2392 741 2476 quia
768 2393 936 2480 peregrini
964 2404 1077 2471 erant,
1109 2411 1176 2456 non
1228 2390 1312 2472 ipse,
1335 2400 1367 2453 et
1388 2390 1642 2455 obseruationes
1665 2389 1825 2467 ciborum,
1835 2384 2026 2467 lectionum,
2038 2399 2210 2468 cantuum,

195 2468 379 2552 israelitae,
403 2486 541 2559 apparet
562 2487 690 2558 patrem
707 2474 858 2544 voluisse
881 2498 943 2543 eos
965 2477 1065 2543 certis
1087 2477 1175 2542 notis
1226 2475 1388 2555 vestitus,
1421 2473 1630 2554 calceorum,
1663 2470 1889 2559 cingulorum,
1930 2471 2064 2539 inutiles
2096 2471 2213 2540 cultus

196 2559 428 2623 discerneres
450 2560 521 2624 suis
543 2558 777 2646 popularibus,
804 2583 849 2629 ne
875 2561 1108 2629 relaberentur
1132 2564 1176 2629 ad
1228 2572 1307 2626 sunt
1328 2580 1443 2626 coram
1464 2559 1551 2626 Deo.
1585 2559 1628 2625 Et
1651 2572 1743 2624 certo
1767 2558 1876 2624 sciant
1896 2578 2014 2625 omnes
2030 2560 2212 2644 pinamen-

193 2644 393 2728 impietatem
413 2643 635 2729 popularium.
681 2644 827 2714 Volebat
849 2649 900 2714 his
923 2649 1012 2714 notis
1035 2668 1097 2713 eos
1119 2648 1177 2714 ad·
1227 2657 1291 2725 tes,
1312 2643 1505 2729 simpliciter
1517 2644 1742 2710 Pherisaicam
1759 2655 1793 2708 et
1809 2645 1997 2710 damnatam
2019 2645 2212 2731 opinionem

195 2748 332 2793 monere
366 2730 537 2795 doctrinae
576 2730 655 2798 fidei
692 2745 726 2797 et
763 2731 1029 2801 immortalitatis.
1083 2731 1176 2800 Talis
1228 2751 1317 2809 esse,
1339 2733 1430 2818 quod
1451 2728 1529 2797 illae
1550 2732 1806 2797 obseruationes
1829 2740 2019 2796 mereantur
2039 2732 2226 2812 remissie,

195 2812 271 2878 linis
300 2825 353 2879 est
379 2813 502 2882 licitus.
546 2817 592 2881 At
625 2816 711 2883 lines
745 2817 953 2887 hionasticae
984 2818 1087 2906 longe
1118 2816 1176 2908 aiij
1227 2837 1302 2882 nem
1335 2828 1568 2903 peccatorum,
1597 2816 1686 2902 quod
1714 2827 1852 2901 propter
1879 2837 1938 2882 eas
1965 2817 2044 2882 iusti
2076 2832 2211 2903 repute-

195 2901 377 2966 traduntur.
423 2899 566 2989 Fingunt
588 2923 692 2987 opera
714 2904 918 2971 Monastices
948 2904 1061 2973 cuitus
1084 2924 1175 2984 esse,
1227 2924 1319 2982 mur,
1348 2902 1594 2988 quodpropter
1618 2921 1678 2967 eas
1700 2922 1944 2988 consequamur
1972 2903 2072 2969 vitem
2101 2915 2213 2969 aeter·

195 2986 322 3136 fingunt
351 3005 391 3050 ee
419 2989 795 3056 mereri·remissionem
818 3003 1033 3075 peccatorum
1061 3011 1103 3058 ec
1130 2993 1176 3057 iu·
1226 3009 1317 3068 nam,
1338 3009 1404 3052 non
1426 3008 1488 3074 per
1508 2989 1771 3054 misericordiam
1792 2998 1930 3072 propter
1951 2986 2133 3054 Christum.
2166 2988 2211 3056 lit

194 3073 239 3137 sti
263 3072 439 3138 cntionem.
473 3073 534 3138 Est
552 3074 653 3160 igitur
670 3074 830 3142 dissimile
846 3075 1176 3144 Monosticaeexem·
1226 3093 1370 3139 necesse
1392 3086 1445 3138 est
1466 3085 1605 3141 sanctos
1628 3074 1720 3140 viros
1742 3075 1797 3158 qui
1821 3074 1853 3138 in
1879 3070 1932 3138 his
1958 3075 2046 3140 vitae
2076 3075 2211 3160 generi·

194 3155 283 3243 plum
303 3155 573 3239 liechahitarum,
594 3171 631 3225 vt
653 3163 841 3227 omittamus
871 3163 927 3230 hic
953 3161 1019 3229 alia
1051 3164 1175 3229 iucom-
1227 3162 1289 3224 bus
1314 3161 1475 3239 visemnt,
1497 3161 1627 3225 abiecta
1649 3158 1771 3224 fiducie
1792 3157 1906 3225 talium
1923 3160 2210 3243 obseruationum,

194 3243 293 3309 moda
314 3263 400 3327 quae
422 3242 538 3309 herent
559 3246 592 3308 in
614 3249 780 3330 praesenti
803 3246 1002 3315 Monastice.
1226 3246 1403 3324 didicisse,
1434 3246 1524 3332 quod
1563 3246 1790 3310 remissionem
1847 3256 2037 3311 eccatorum
2069 3260 2211 3332 propter

282 3324 395 3391 Citant
416 3339 450 3392 et
471 3347 513 3392 ex
534 3331 646 3414 priore
667 3333 710 3397 ad
732 3331 939 3400 Timotheum
969 3332 1053 3418 Cap.
1075 3355 1109 3400 v.
1132 3334 1175 3399 de
1226 3330 1395 3396 Christum
1418 3332 1523 3418 gratis
1547 3330 1724 3409 haherent,
1752 3267 1846 3416 quol
1871 3342 2008 3416 propter
2035 3331 2210 3399 Christum

196 3413 323 3492 viduis,
358 3433 444 3498 quae
477 3416 664 3482 seruientes
696 3415 888 3500 Ecclesiae,
923 3418 1101 3485 alebantur
1132 3420 1175 3486 de
1224 3438 1285 3502 per
1306 3417 1567 3482 misericordiam
1590 3418 1802 3481 consecuturi
1824 3428 1940 3482 essent
1967 3418 2068 3483 vitam
2096 3430 2211 3505 aeter·

195 3496 343 3584 publico,
365 3500 421 3563 vbi
440 3501 497 3563 ait.
541 3501 676 3566 Nubere
698 3503 833 3582 volunt,
856 3505 1019 3570 hahentes
1041 3505 1175 3571 damna-
1225 3523 1314 3581 nant,
1335 3522 1401 3567 non
1424 3515 1561 3588 propter
1582 3499 1659 3568 iilos
1687 3501 1816 3582 cultus,
1845 3503 1934 3588 quod
1953 3501 2049 3568 Deus
2077 3515 2210 3570 tantum

194 3587 329 3663 tionem,
351 3584 429 3671 quia
450 3586 588 3670 primam
616 3586 714 3652 iidem
743 3589 868 3655 irritam
895 3588 1059 3657 lecerunt
1103 3590 1174 3656 Pri·
1224 3590 1388 3675 approbet
1410 3586 1521 3655 oultus
1550 3608 1613 3653 suo
1640 3588 1744 3654 verbo
1773 3588 1958 3668 institutos,
1986 3589 2041 3674 qui
2069 3587 2214 3656 valeam

195 3692 283 3736 mum
305 3667 360 3735 hic
381 3669 545 3758 fingemus
572 3671 771 3758 Apostolum
801 3677 957 3743 devotis
984 3673 1093 3761 loqui,
1124 3689 1174 3743 tu·
1225 3675 1258 3738 in
1281 3672 1358 3738 lide.
1906 3715 1908 3719 -

195 3776 270 3821 men
299 3754 363 3820 hio·
383 3753 480 3823 loeus
508 3778 577 3824 non
603 3761 865 3843 patrocinabitur
891 3760 1090 3829 Monasticis
1117 3783 1173 3828 vo

195 3848 251 3920 tis,
272 3862 359 3927 quae
379 3841 463 3907 liunt
484 3844 526 3907 de
543 3845 652 3931 impijs
674 3842 837 3927 cultibus,
859 3859 893 3914 et
920 3848 985 3913 hac
1006 3849 1173 3934 opinione,

195 3939 232 3993 rt
258 3938 447 3994 mereantur
473 3932 703 3995 remissionem
734 3944 967 4017 peccatorum,
995 3945 1030 3998 et
1057 3931 1173 3999 iustiii·
1288 3929 1351 3993 DE
1385 3927 1684 3992 PO'l'llS'l'A'iii
1714 3925 2130 3993 ECCLESlASTiCA.

196 4014 369 4081 ostionem.
412 4011 539 4081 Paulus
567 4017 653 4080 enim
685 4026 756 4081 tota
783 4038 868 4084 voce
894 4019 1030 4083 damnat
1057 4036 1173 4083 omnes

195 4097 318 4179 cuitus,
339 4119 455 4166 omnes
475 4097 582 4188 leges,
603 4102 715 4166 omnia
736 4122 850 4187 opera,
874 4106 903 4168 si
924 4103 969 4168 ita
990 4104 1173 4169 obseruen·
1308 4100 1536 4167 Vehementer
1551 4098 1606 4166 hic
1622 4099 1849 4166 vociferantur
1866 4100 2049 4187 aduersarij
2072 4100 2117 4169 de
2137 4102 2212 4188 pri·

194 4195 261 4263 tur,
282 4196 318 4250 rt
339 4198 528 4250 mereantur
548 4187 778 4252 remissionem
799 4201 1033 4275 peccatorum,
1059 4201 1117 4255 aut
1137 4200 1174 4255 vt
1223 4186 1358 4274 uilegijs
1391 4198 1425 4251 et
1454 4187 1712 4251 immunitatibus
1744 4184 1977 4252 Ecclesiastici
2004 4198 2133 4265 status,
2163 4187 2210 4255 Et

194 4280 332 4358 propter
354 4291 395 4336 ea
418 4290 663 4358 consequamur
685 4273 786 4338 vitam
807 4285 986 4353 aeterum,
1008 4295 1074 4341 non
1097 4296 1173 4361 pro·
1222 4274 1349 4339 addunt
1371 4269 1556 4358 Epilogum.
1597 4272 1694 4337 irrita
1716 4285 1794 4338 sunt
1813 4274 1925 4339 omnia
1946 4293 2032 4359 quae
2052 4273 2086 4338 in
2106 4295 2209 4358 prae·

193 4367 268 4442 pter
300 4354 469 4422 Christum
500 4377 561 4443 per
593 4357 864 4426 misericordium.
920 4360 999 4426 ideo
1029 4380 1173 4428 neeesse
1223 4360 1310 4424 senti
1332 4355 1474 4422 articulo
1499 4370 1617 4423 contra
1645 4359 1881 4424 immunitatem
1909 4356 2139 4425 Ecclesiamm
2172 4373 2209 4425 et
2278 4430 2282 4437 ,

194 4453 248 4507 est
268 4454 347 4508 rota
369 4443 555 4522 viduarum,
578 4444 675 4529 siqua
696 4441 846 4525 inerunt,
866 4444 1039 4512 dissimilia
1068 4446 1173 4513 inisse
1223 4444 1441 4513 sacerdotum
1467 4438 1665 4510 inferuntur.
1709 4442 1803 4508 llaec
1824 4455 1878 4508 est
1905 4464 1997 4510 nrera
2023 4443 2207 4525 calumnia,

193 4527 283 4594 rotis
311 4528 519 4595 Monastiois.
564 4527 759 4607 Praeterea,
791 4533 908 4597 sinon
937 4533 1093 4598 desinant
1114 4533 1172 4598 ad·
1224 4531 1295 4596 Nos
1318 4530 1402 4594 enim
1425 4529 1468 4593 de
1490 4530 1591 4594 rebus
1613 4527 1690 4611 aiijs
1708 4531 1740 4593 in
1763 4528 1830 4596 hoc
1851 4527 1993 4596 articulo
2021 4530 2208 4616 disputaci-

194 4614 334 4699 uersarij
358 4616 560 4699 detorquere
581 4612 691 4680 locum
713 4617 757 4681 ad
786 4628 882 4696 vota,
909 4618 1172 4702 detorquendum
1222 4636 1307 4682 mus.
1351 4612 1528 4680 Caeterum
1550 4633 1652 4698 saepe
1672 4615 1782 4681 testati
1804 4634 1941 4696 sumus,
1961 4635 2026 4681 nos
2047 4614 2207 4702 politices

194 4701 258 4763 erit
278 4699 395 4764 eodem
417 4699 484 4764 hoc
506 4721 651 4785 qunque,
673 4702 762 4787 quod
780 4713 872 4768 votat
882 4701 960 4789 eligi
977 4707 1019 4782 1θ)
1040 4704 1172 4770 viduam

193 4785 354 4849 minorem
374 4787 472 4850 annis
495 4787 682 4873 sexaginta.
715 4786 764 4853 lta
786 4798 865 4853 vota
886 4802 966 4854 ante
987 4809 1060 4855 eam
1082 4801 1173 4856 aeta·

1242 4889 1271 4959 ’)
1290 4891 1325 4942 lit
1345 4891 1397 4943 hoo
1418 4889 1498 4940 modo
1522 4915 1555 4926 —
1578 4891 1672 4939 eodem
1690 4887 1769 4959 Cap]
1787 4888 1847 4942 doec
1870 4891 1938 4958 (sol.
1956 4891 1990 4944 8·
2008 4891 2039 4940 4⁵
2060 4888 2107 4941 lis.
2126 4891 2171 4956 2.)

192 4955 401 4975 “““““““““““
1293 4959 1436 5009 Ιηιιῑιοὼ
1453 4956 1530 5008 rotro
1548 4958 1631 5009 colore
1647 4955 1779 5009 subnotata
1796 4966 1860 5010 rud.

262 5074 426 5125 antherus
442 5077 470 5126 a
486 5080 599 5144 mmmm
614 5077 766 5146 ahenea:
784 5079 858 5142 ,um
876 5080 921 5130 ne
939 5081 1043 5134 nomm
1065 5082 1170 5145 unae,
1224 5042 1269 5111 ⁶⁸)
1288 5045 1452 5179 ἵξιῖξζᾟτ
1461 5042 1627 5161 ἕξῇξζῗζζ
1643 5043 1884 5177 ῗέᾙζῗῗξέ
1902 5042 2049 5166 tim
2073 5043 2208 5175 fiam*

262 5152 307 5195 ⁸¹¹²
324 5143 478 5196 ⁰b⁶di⁰⁰t⁰⁸
497 5156 543 5196 ⁸⁸¹²
558 5161 699 5211 Wlemr
718 5156 747 5198 η
763 5148 909 5248 ”⁰³⁸⁰th
1289 5183 1385 5232 bantur
1400 5183 1469 5232 forte
1486 5181 1522 5231 ad
1537 5180 1707 5243 Iudaismum,
1725 5196 1783 5233 oum
1799 5184 1828 5234 in
1844 5183 1965 5234 Ecclesia
1981 5198 2035 5234 uon
2052 5182 2208 5235 hueuireut

194 5230 240 5296 lb)
258 5229 324 5294 Cep·
341 5229 436 5296 ”xv-l
454 5231 504 5282 Ed·
523 5232 561 5284 3·²
580 5235 667 5298 01Ρῖῑο
685 5235 819 5297 ῒῐίεθίὶῡθ
838 5242 938 5301 qumis>-
1255 5292 1258 5297 ⁴
1288 5253 1334 5317 qni
1351 5251 1430 5302 veliet
1447 5256 1493 5300 ant
1509 5255 1596 5313 poscet
1612 5248 1717 5300 ducere.
1751 5251 1787 5301 itt
1810 5251 1884 5303 iudei
1906 5252 1969 5305 odio
1992 5251 2094 5305 Christi
2116 5251 2207 5305 libeu-

197 5315 241 5381 16)
260 5314 332 5382 eligi]
353 5315 403 5368 lid.
423 5316 448 5367 3.
466 5323 518 5386 typ.
536 5326 603 5371 arar
622 5319 691 5382 elegi
1289 5328 1329 5370 ter
1346 5334 1390 5371 eas
1409 5319 1556 5370 duxerint·
1835 5365 1841 5375 ,
