4756 6194
160 448 228 523 mr
296 532 310 543 ,
379 520 425 527 ,,
516 446 553 516 u.
598 448 833 522 aromata
853 448 1176 521 eommuoms
1193 448 1510 521 aueusrartan
1551 449 1595 519 a.
1636 447 1831 520 surana
2110 448 2180 523 css

162 639 342 707 discrimen
373 648 546 722 tantopere
579 636 769 707 defendant.
816 639 889 706 Nos
921 657 966 705 ne
998 640 1040 706 dc
1061 660 1144 707 vera
1196 640 1355 720 trucides,
1376 640 1498 726 quibus
1520 637 1680 726 religiose
1700 637 1957 725 parcuutetiam
1973 638 2118 714 barbari,
2139 651 2179 707 vt

162 724 322 876 ‘illm‘
336 723 895 878 hillidiilhiihlllfml’
926 726 969 792 ‘¹⁰
989 723 1057 792 ¹¹⁰⁰
1078 723 1145 794 ⁰⁸¹'
1195 723 1501 879 iuditii
1516 738 1680 878 iiiii
1695 723 2176 878 illitteratorum

161 807 184 876 h
207 829 480 984 0Xllncsgentpct
510 893 694 981 periculum
731 894 919 977 effusionis,
955 908 991 963 et
1022 894 1145 963 similia
1195 908 1306 977 rator,
1334 833 1420 983 qlras
1441 894 1535 964 nulla
1556 833 1729 976 barbarie,
1761 893 1941 983 quamlibet
1960 830 2178 964 immanispil'c

160 983 336 1089 quaedam,
359 1000 445 1066 quae
464 1002 534 1047 uon
555 982 680 1049 hebent
700 994 826 1049 tanmm
846 983 932 1062 vim,
951 991 990 1047 vt
1010 983 1142 1049 ordina·
1194 981 1267 1049 fera
1294 992 1415 1069 posset
1440 985 1570 1064 audire,
1603 982 1672 1050 Sed
1705 985 1783 1069 quia
1809 979 1903 1048 nulla
1931 982 2022 1047 cadit
2049 987 2083 1047 iu
2111 981 2178 1050 hos

160 1081 283 1135 tionem
304 1066 428 1133 Christi
456 1078 592 1133 mutent.
635 1067 678 1133 Et
703 1068 869 1155 fingamus
897 1087 982 1134 sane
1003 1065 1143 1135 liberum
1194 1078 1272 1135 tuos
1293 1089 1406 1136 mores
1428 1066 1482 1134 vel
1505 1069 1682 1154 turpitudo,
1704 1067 1761 1135 vel
1777 1069 1913 1149 seuicie,
1934 1087 2110 1153 speramus
2132 1079 2179 1150 ta,
2316 1146 2325 1156 .

159 1173 250 1233 esse,
272 1153 328 1218 Vti
349 1173 415 1219 vua
437 1165 533 1238 parte
551 1163 610 1219 aut
630 1156 810 1233 ambabus,
855 1155 1001 1222 uomodo
1022 1154 1145 1239 poterit
1195 1165 1229 1220 et
1249 1155 1282 1219 iu
1305 1154 1370 1220 bac
1391 1174 1496 1220 causa
1517 1152 1698 1222 elementer
1717 1154 1892 1220 nobiscum
1913 1166 2063 1221 acturum
2085 1173 2178 1236 esse,

159 1239 339 1327 prohibitio
360 1235 517 1305 delendi?
560 1238 758 1325 Quanquam
775 1176 930 1306 Ecdlesia
951 1259 1020 1306 nou
1042 1241 1144 1306 sumit
1193 1242 1389 1325 praesertim
1411 1240 1469 1305 vbi
1496 1243 1701 1327 cognouerit
1722 1259 1787 1306 nos
1809 1238 2028 1327 grauissimas
2050 1238 2178 1308 babere

160 1326 225 1391 sibi
245 1325 335 1391 banc
361 1322 566 1397 libertatem,
596 1337 633 1389 vt
655 1345 697 1391 ex
718 1327 983 1393 ordinationibus
1005 1325 1142 1405 Christi,
1195 1345 1319 1392 causas
1345 1337 1481 1391 nostrae
1508 1328 1701 1392 sentenciae
1728 1338 1879 1412 sumptas
1907 1346 1950 1391 ex
1972 1327 2077 1391 verbo
2099 1325 2177 1407 Dei,

159 1409 261 1478 iaciat
292 1431 348 1476 res
382 1409 619 1499 indifferentes,
679 1411 753 1478 Nos
790 1413 924 1499 quidem
953 1409 1142 1478 Ecclesiam
1195 1413 1249 1478 eui
1270 1411 1455 1497 aduersarii
1477 1412 1720 1498 nugacissimas
1746 1423 1781 1477 et
1809 1411 2011 1477 vanissimas
2037 1430 2176 1496 persua-

133 1512 359 1564 'excusamus
404 1516 467 1562 une
487 1494 576 1562 banc
602 1495 753 1563 iniuriam
773 1495 928 1582 pertulit,
956 1518 1030 1564 cum
1052 1508 1142 1565 vtra-
1195 1498 1311 1564 siones
1333 1518 1377 1584 op
1401 1509 1514 1563 ouunt.
1548 1497 1591 1562 Et
1611 1509 1721 1564 tamen
1743 1516 1811 1564 non
1833 1507 1967 1563 tuentur
1988 1498 2077 1562 serio
2099 1517 2176 1564 coe·
2309 1560 2312 1565 .

161 1602 226 1670 que
257 1603 338 1667 pars
371 1517 623 1668 alcomiugere
654 1603 722 1650 nou
749 1594 883 1670 posset,
916 1584 987 1649 sed-
1004 1595 1141 1651 autores
1193 1581 1340 1663 libatum,
1416 1602 1502 1669 eque
1531 1587 1617 1649 enim
1643 1585 1800 1669 ignorant
1825 1603 1925 1668 quam
1953 1581 2050 1667 pauci
2081 1603 2177 1666 prae·

160 1667 217 1755 qui
239 1663 422 1734 defenduut
447 1679 539 1734 recte
559 1666 727 1752 prohiberi
753 1690 851 1736 usum
880 1670 1001 1757 integri
1027 1689 1143 1736 sacru·
1194 1679 1284 1735 stent
1305 1671 1504 1750 castitatem,
1530 1670 1592 1735 sed
1615 1680 1812 1755 praetexunt
1834 1670 1980 1754 speeiem
2002 1665 2177 1756 religionis

159 1754 271 1834 menti,
294 1754 416 1840 quique
438 1773 526 1819 nunc
543 1774 609 1819 uon
626 1753 735 1822 solum
755 1752 943 1842 probibent,
965 1755 1027 1821 sed
1043 1756 1142 1822 etiam
1194 1775 1232 1821 re
1280 1774 1405 1835 osuo,
1434 1756 1488 1823 cui
1509 1756 1674 1840 prodesse
1697 1753 1897 1822 coelibatum
1917 1764 2049 1839 putaui,
2072 1766 2110 1820 vt
2130 1756 2177 1820 in-

159 1852 291 1907 vtcntes
318 1839 449 1926 integro
480 1853 692 1907 sacramento
719 1841 1023 1919 excommunicant,
1050 1851 1083 1907 ct
1108 1841 1142 1907 vi
1193 1852 1226 1907 tc
1253 1844 1380 1928 hamus
1393 1840 1527 1907 Petrum
1548 1852 1641 1906 reete
1657 1843 1841 1920 monuisse,
1861 1837 2009 1906 futurum
2026 1851 2063 1906 vt
2102 1859 2177 1907 seu·

158 1936 422 2012 persequuntur,
448 1945 516 1991 non
538 1945 749 1993 excusamus.
793 1926 860 2012 lpsi
881 1927 1039 2007 viderint,
1061 1947 1143 2014 quo·
1194 1927 1422 2013 deprophetac
1444 1926 1531 1992 fictis
1552 1929 1665 1993 verbis
1685 1928 1851 2012 decipiant
1878 1923 2043 1992 homiues.
2119 1921 2177 1991 ihil

159 2013 259 2077 modo
281 2008 357 2077 Deo
383 2011 546 2078 rationem
573 2031 711 2078 snorum
740 2011 955 2080 consiliorum
982 2013 1143 2079 reddituri
1194 2016 1281 2079 euim
1299 2033 1389 2086 vere,
1412 2010 1607 2097 simpliciter
1628 2025 1662 2078 et
1683 2014 1825 2079 candide
1845 2016 1878 2078 iu
1896 2011 1962 2079 bac
1984 2023 2055 2077 tota
2073 2030 2179 2078 causa
2321 2078 2330 2094 ‚

158 2098 233 2163 siut
278 2097 396 2182 Neque
416 2098 530 2162 statim
549 2098 761 2164 iudicandum
782 2110 835 2164 cst
855 2096 1044 2165 Ecclesiam
1065 2119 1142 2165 eon·
1194 2101 1327 2180 dicunt,
1357 2100 1527 2178 scribunt,
1548 2110 1606 2165 aut
1627 2110 1733 2186 agunt
1754 2097 1960 2184 aduersarii,
1981 2099 2043 2164 sed
2065 2099 2178 2184 reipsa

127 2183 296 2248 ,stituere
326 2193 384 2248 aut
412 2183 574 2267 probare,
607 2182 766 2270 quidquid
801 2184 983 2250 Pontifices
1017 2185 1141 2250 obusti·
1195 2187 1352 2251 dimicaut
1374 2185 1417 2252 de
1438 2184 1664 2251 dominatione
1686 2205 1783 2270 quam
1800 2180 1890 2248 falso
1906 2192 2024 2268 putant
2045 2181 2176 2267 pericli·

157 2277 271 2347 tuuut,
298 2269 495 2353 praesertim
526 2289 601 2335 cum
628 2269 801 2355 Scriptura
828 2270 871 2335 dc
898 2269 1077 2357 Episcopis
1107 2283 1140 2337 et
1194 2272 1275 2350 tari,
1309 2281 1343 2336 et
1370 2271 1459 2336 hauc
1484 2270 1585 2356 impio
1613 2281 1788 2355 praetextu
1809 2271 1942 2355 pietatis
1968 2270 2098 2335 munire
2119 2286 2176 2334 co·
2318 2266 2322 2275 “

157 2355 351 2439 pastoribus
371 2353 572 2420 vaticinetur
593 2356 627 2419 in
648 2357 737 2421 hauc
758 2356 974 2437 sentenciam,
997 2369 1034 2421 vt
1055 2354 1140 2422 liae·
1163 2335 1168 2426 l
1193 2370 1326 2423 uantur.

160 2436 246 2506 ⁰h¹⁸¹
266 2440 325 2520 “ii
346 2438 470 2506 ''⁶¹³¹'st
490 2438 546 2506 ¹⁰¹
566 2461 589 2507 ⁸
609 2443 794 2508 merdae·
1162 2432 1168 2571 l
1278 2473 1352 2542 Nos
1371 2475 1460 2541 hauc
1480 2473 1591 2562 legem
1612 2475 1656 2542 de
1674 2474 1854 2553 coelibatu,
1900 2493 1976 2540 uam
1993 2469 2175 2540 defenduut

1163 2575 1167 2627 t
1190 2561 1394 2647 aduersarij,
1416 2561 1491 2626 ideo
1508 2581 1576 2626 nou
1589 2579 1886 2646 possumusappro
1912 2579 1982 2639 ere,
2004 2559 2082 2645 quia
2098 2577 2174 2625 cum

277 2676 340 2740 ms,
371 2674 622 2743 comvfflo
650 2677 1012 2745 spcppflovaffi·
1191 2647 1267 2714 lurc
1289 2646 1415 2726 diuino,
1438 2644 1634 2713 cruaturali
1652 2658 1792 2733 pugnat,
1812 2658 1847 2712 et
1865 2647 1909 2711 ab
1929 2646 2013 2729 ipsis
2031 2642 2174 2710 Canoni-

1190 2734 1256 2799 bus
1283 2730 1554 2813 conciliorum⁴⁷)
1583 2733 1754 2811 dissentit,
1786 2730 1830 2796 Et
1858 2742 1992 2797 constat
2013 2731 2175 2815 supersti-

244 2847 282 2913 111
308 2858 404 2915 tuma
431 2845 566 2949 inrumpe
593 2850 752 3001 pnffupmp
779 2850 984 2933 welphum,
1015 2852 1141 2920 audem
1192 2821 1338 2891 ciosum,
1369 2829 1404 2884 et
1429 2815 1653 2903 periculosam
1682 2836 1771 2882 esse.
1815 2815 1906 2919 Parit
1933 2818 2020 2881 enim
2047 2814 2175 2880 infinita

157 2933 343 3019 aduersarij
372 2954 440 2999 uon
462 2931 572 3001 solum
596 2937 638 3002 de
653 2937 776 3044 audere
800 2937 909 3044 10qu
931 2939 1141 3006 pontificiam
1191 2902 1365 2984 scaudala,
1374 2917 1526 2989 peccata,
1537 2913 1571 2969 et
1581 2900 1804 2990 corruptelam
1815 2898 2023 2987 publicorum
2032 2918 2174 2966 morum.

332 3017 420 3087 u,
639 3043 781 3127 cru
1191 2985 2174 3142 ⁸¹th

157 3103 968 3279 {mittitutilissimis
984 3111 1141 3263 ‘sith
1191 3162 1226 3229 ¹¹1
1248 3175 1389 3248 uranu
1408 3171 1515 3265 puae,
1535 3122 1715 3227 ,nuum
1732 3161 1879 3248 ruunt
1897 3158 2109 3261 raptum„
2130 3115 2174 3223 πί

156 3276 300 3365 Imperij,
346 3276 403 3344 ste
431 3278 518 3344 enin,
546 3275 738 3364 loquuntur·
783 3281 878 3356 Q„ae
904 3280 1011 3349 masor
1036 3283 1141 3368 stupu,
1191 3247 1334 3351 'lautum
1354 3247 1492 3334 requirit
1513 3247 1655 3313 iudicem
1677 3248 1930 3350 virumbonum
1953 3254 1986 3309 ct
2007 3253 2109 3348 tumen
2122 3261 2176 3308 em

158 3364 272 3430 dentis
292 3382 436 3448 unquam
457 3362 527 3429 vlle
548 3365 582 3429 in
597 3365 736 3432 historia
750 3363 838 3433 lecta
849 3379 914 3447 est,
934 3389 1033 3454 quam
1053 3367 1141 3435 haec
1192 3332 1268 3399 ⁰⁰¹·
1300 3333 1344 3400 Et
1365 3353 1441 3399 “¹¹¹¹
1462 3328 1661 3405 d0f⁶¹¹d⁸ll¹f
1680 3354 1702 3398 ⁰
1721 3332 1820 3399 ’ΨΜ
1840 3326 2019 3396 misem
2039 3340 2176 3409 ΜΨ,

157 3459 211 3516 est
232 3448 523 3515 aduersariorum?
561 3449 647 3516 Nam
669 3465 877 3538 „gamm
900 3456 1021 3540 quibus
1043 3464 1139 3520 vum,
1192 3432 1304 3488 tamen
1330 3419 1515 3506 aduersarij
1551 3417 1743 3488 cuumutau
1768 3418 1931 3504 quasdam
1963 3413 2175 3481 architectati

156 3546 222 3614 tur,
241 3536 634 3620 postearecensebimus.
673 3535 771 3606 Nunc
792 3538 860 3606 hoc
876 3539 1045 3623 expendat
1061 3561 1139 3625 pru·
1192 3517 1281 3587 ⁸⁰⁰3
1303 3506 1347 3571 ”d
1370 3502 1560 3619 callim
1581 3514 1778 3591 “rgum‘m
1799 3513 1926 3568 ΝΜ·

157 3619 241 3686 dens
259 3617 379 3700 lector,
402 3620 482 3706 quid
502 3616 622 3688 frontis
633 3619 780 3690 babeant
800 3625 856 3692 isti
872 3623 966 3692 nihili
976 3623 1140 3706 homines,
1278 3624 1434 3690 Primum.
1468 3623 1613 3691 Genesis
1631 3623 1731 3689 docet
1747 3617 2065 3686 homiuesconditos
2081 3637 2176 3701 esse,

157 3726 214 3855 ff
235 3706 348 3811 dieunt
370 3706 526 3810 coniugia
547 3727 666 3792 parere
688 3706 854 3777 iufamium
877 3724 911 3778 et
927 3711 1140 3799 ignominiam
1191 3723 1228 3778 vt
1250 3712 1317 3776 sint
1337 3707 1511 3788 foecundi,
1533 3721 1566 3773 et
1588 3726 1691 3774 sexus
1713 3718 1807 3773 recta
1829 3707 1957 3810 ratione
1978 3724 2095 3770 sexum
2117 3726 2175 3792 ap·

205 3811 318 3876 perro,
349 3809 448 3875 quasi
479 3811 561 3858 vero
587 3791 776 3860 Ecclesiam
809 3795 911 3862 valde
944 3809 1042 3863 ornet
1072 3799 1141 3862 ista
1191 3805 1294 3883 petat.
1336 3793 1517 3880 Loquimur
1539 3795 1625 3859 euim
1644 3813 1713 3860 uon
1731 3793 1774 3858 ds
1794 3791 2068 3877 coucupiscentia
2088 3809 2176 3876 quaa

180 3873 292 3942 ublica
333 3872 469 3940 infamia
500 3874 750 3956 hericiosarum
791 3902 834 3945 ae
871 3883 1140 4032 §religiosarum
1191 3891 1366 3968 peccatum
1387 3888 1458 3958 est,
1489 3879 1552 3944 sed
1582 3879 1624 3945 de
1650 3876 1709 3947 illo
1737 3878 1884 3964 appetitu
1907 3879 1962 3965 qui
1989 3877 2023 3942 iu
2045 3877 2175 3983 integfa

171 3961 350 4039 ibidiuum,
403 3979 466 4025 uae
487 3952 634 4047 flagrant
652 3964 742 4049 apud
756 3964 853 4031 'istos
902 3965 1055 4032 ‚Petras
1085 3968 1141 4053 qui
1192 3981 1311 4034 natura
1337 3962 1469 4033 laturus
1490 3975 1582 4046 erat,
1610 3986 1707 4052 quem
1738 3974 1860 4031 vocant
1884 3961 2009 4050 στοργιὶν
2034 3983 2172 4047 φυσικῃν.

158 4046 281 4113 Curios
301 4047 365 4111 sim
402 4056 470 4128 aut,
503 4057 537 4112 et
557 4047 776 4116 bacchanalia
809 4053 934 4119 viuuut.
974 4051 1029 4118 Ac
1050 4049 1141 4136 plae-
1192 4054 1235 4118 Et
1256 4053 1341 4118 baec
1365 4048 1474 4137 στοργῇ
1502 4061 1555 4116 est
1575 4071 1657 4117 vere
1679 4051 1845 4116 ordinatio
1869 4051 1980 4116 diuina
2002 4068 2107 4115 sexus
2128 4048 2173 4115 ad

157 4151 262 4219 reque
282 4152 327 4199 ne
348 4133 537 4198 verecunde
545 4136 591 4211 ⁴⁴)
612 4135 744 4221 quidem
766 4138 929 4203 nominari
951 4141 1141 4288 queuutffssh
1192 4157 1320 4205 sexum.
1350 4135 1433 4203 Cum
1454 4135 1670 4202 autcm‘haec
1691 4137 1856 4202 ordinatio
1878 4134 1944 4201 Dei
1966 4136 2039 4200 sine
2060 4134 2173 4221 singu·

181 4238 246 4284 uae
266 4219 322 4285 isti
344 4238 474 4284 summa
495 4217 631 4286 licentia
652 4220 788 4288 i‘aciuut.
822 4221 866 4288 Et
887 4221 950 4289 has
970 4242 1051 4289 suas
1082 4224 1141 4290 ibi·
1191 4223 1255 4289 leri
1277 4241 1379 4306 opere
1396 4219 1461 4289 Dei
1483 4219 1557 4288 tolli
1578 4242 1646 4289 non
1672 4224 1797 4308 possit,
1830 4221 1990 4307 Sequitur
2015 4219 2071 4285 lus
2094 4239 2174 4286 oon·

181 4306 255 4369 ines
278 4303 467 4373 castissima
498 4305 613 4371 dextra
634 4317 691 4372 tua
721 4304 842 4374 Carula
868 4307 1009 4385 Caesar,
1042 4330 1141 4396 quem
1191 4309 1345 4375 trahendi
1373 4308 1570 4391 matrimonii
1598 4328 1667 4372 uon
1692 4327 1797 4391 posse
1825 4303 1898 4374 tolli
1930 4306 2084 4385 statutis,
2116 4313 2175 4371 eut

158 4390 257 4456 etiam
288 4401 405 4455 vetera
460 4391 599 4456 uaedam
632 4393 788 4460 vaticinia
825 4393 996 4479 appellunt
1027 4415 1141 4482 regem
1193 4397 1334 4474 votis.*)
1379 4393 1473 4460 llaec
1495 4391 1695 4461 cauillantur
1716 4393 1923 4474 aduersarii,
1943 4393 2056 4459 dicunt
2075 4390 2174 4457 inicio

181 4474 279 4541 udiea
299 4471 397 4541 facie.
464 4487 534 4541 cte
555 4479 641 4543 cuim
663 4478 785 4544 dictum
808 4492 959 4566 apparet.
993 4481 1141 4547 Pudicus
1190 4481 1297 4548 luisse
1318 4480 1508 4547 mandatum
1533 4491 1570 4546 vt
1589 4477 1777 4564 repleretur
1798 4492 1903 4558 tarra,
1930 4496 2020 4550 nuuc
2046 4472 2174 4562 repleta

157 4495 245 4712 liii
260 4560 1139 4738 ttttiillit‘t1ttttiiiit‘tlt'iittt·
1190 4579 1372 4738 {stetit
1392 4565 1910 4718 titiiiitdtltitt
1932 4562 2177 4715 hillidii

158 4741 277 4798 contra
309 4731 467 4799 (iunones
501 4695 718 4802 concilioruui
745 4737 890 4822 dissipes
917 4698 1141 4820 matrimonia:
1192 4741 1298 4806 verbo
1319 4736 1394 4817 Dei,
1416 4748 1454 4804 vt
1475 4739 1518 4803 sit
1539 4734 1718 4816 foecunda,
1739 4756 1808 4803 non
1829 4733 1938 4802 solum
1960 4736 2060 4802 inicio
2083 4756 2175 4802 crea·

117 4831 119 4835 ·
158 4827 197 4884 vt
216 4817 249 4881 in
270 4813 424 4882 homiues
441 4819 650 4902 innocentes,
671 4827 854 4904 tautum⁴⁶)
874 4836 1013 4930 propter
1029 4826 1140 4894 coniu·
1191 4825 1310 4904 tionis,
1342 4823 1405 4888 sed
1433 4824 1594 4910 tantisper
1622 4824 1699 4890 dum
1726 4822 1813 4889 haee
1846 4841 2025 4906 corporum
2057 4831 2176 4889 natura

159 4903 249 4991 pum
276 4903 406 4970 atrocia
438 4903 603 4992 supplicia
636 4910 841 4991 constituas,
872 4920 909 4975 vt
937 4911 1141 4978 bamrdotes

1192 5011 1401 5032 m

1193 5152 1245 5219 4⁸1)
1260 5149 1445 5219 conciliorum]
1464 5149 1515 5202 nd.
1532 5153 1573 5202 dm
1591 5150 1761 5202 consiliorum

158 5192 384 5344 whence]
402 5193 484 5247 aua
502 5197 595 5314 ’‘f'‘
613 5198 776 5252 *misr
917 5293 922 5298 .
1212 5236 1241 5304 0)
1260 5237 1327 5288 cau
1349 5245 1437 5288 auum
1459 5237 1528 5288 aaa
1550 5232 1902 5300 omniuo-mmai
1924 5232 1985 5286 tm
2007 5231 2174 5296 comat.

225 5279 344 5347 armti
361 5280 411 5332 M
430 5283 456 5332 ⁴·
474 5281 551 5337 ιώ·
569 5291 692 5349 queant,
1260 5305 1317 5356 um
1334 5307 1365 5426 ἒ
1382 5306 1427 5358 sa
1445 5307 1539 5376 a-a.)
1555 5304 1722 5359 natasse·
1743 5305 1773 5355 e
1788 5317 1833 5356 m
1856 5303 1966 5371 nam
1989 5299 2068 5355 nuo
2091 5299 2175 5355 stou

158 5360 207 5431 ec)
225 5363 338 5432 camp
356 5363 390 5418 aa
406 5366 489 5460 rua
506 5367 585 5421 Η
602 5367 682 5424 aena
