4786 6210
184 355 228 423 13
672 357 697 422 i.
741 354 1027 424 consonatio
1049 356 1373 425 consessionis
1395 357 1712 426 AUGUS'l'ANAE.
2163 363 2205 429 lt

187 567 268 629 quae
284 548 411 609 recitata
430 553 534 609 sunta
581 544 617 610 Si
636 545 686 608 hic
703 567 848 609 numerus
866 549 1032 628 quinarius
1054 569 1112 611 non
1132 548 1287 611 indefinite
1304 571 1359 631 pro
1376 548 1506 630 pluries,
1526 550 1584 612 sed
1602 538 1725 631 proprii
1744 571 1813 611 cum
1835 530 2029 613 hineilero
2047 554 2205 634 accipitur,

186 634 398 715 inquirendum
416 640 477 705 est,
496 652 644 714 quaenam
662 632 814 695 siut-illae
836 637 969 716 quinque
991 634 1231 713 Consolationis
1253 640 1497 698 retractationes
1514 646 1566 699 ant
1579 635 1790 715 formulae*).

342 751 494 834 Theologi
516 753 554 814 ah
577 751 759 834 Imperatore
778 754 945 815 breviorem
968 748 1180 836 mitioremque
1207 752 1453 818 confutationem
1473 777 1655 838 componere
1679 759 1772 828 iussi,
1800 776 1839 817 ex
1866 776 1925 818 sua
1953 777 2045 838 grege
2068 759 2204 839 inprimis

70 849 73 854 ’
186 839 344 902 Eccium
363 847 395 902 et
415 839 573 902 Fahrum
597 840 737 921 elegisse
753 840 909 929 uidentur,
927 849 971 912 ul,
994 860 1074 923 qnae
1098 846 1246 904 communi
1277 845 1408 905 omnium
1434 844 1657 906 consultatione
1685 845 1842 925 proposita
1863 851 1986 914 essent,
2011 846 2041 904 in
2069 844 2204 906 ordinem

188 927 362 1007 redigerent
372 927 436 1005 ”i

342 1044 454 1107 Princo
472 1048 563 1109 istius
586 1047 938 1129 formulaeorcirnctotr'o
960 1068 1018 1110 seu
1036 1046 1138 1111 oitero
1154 1047 1268 1110 latinae
1291 1046 1517 1112 confutationis
1531 1050 1670 1128 fornintn
1697 1053 1786 1131 priori
1809 1049 1963 1131 prolixiori
1987 1054 2075 1131 quasi
2100 1050 2204 1112 lunda·

188 1141 290 1196 mento
309 1140 520 1214 superstructa
541 1156 610 1196 cnm
633 1133 807 1214 imperatori
830 1134 964 1197 exhibita
982 1142 1015 1196 et
1031 1136 1069 1197 ab
1093 1155 1131 1195 eo
1150 1155 1218 1197 cum
1243 1133 1436 1216 Principibus
1461 1139 1681 1198 communicata
1699 1145 1780 1207 erat,
1803 1138 1843 1197 ab
1867 1135 1916 1196 his
1940 1138 2046 1198 iterum
2070 1138 2109 1197 ob
2135 1138 2204 1198 eius

189 1221 309 1283 nimiam
328 1219 531 1301 prolixitatem
541 1222 616 1300 iii)
647 1229 679 1282 et
695 1221 909 1282 verosimiliter
932 1223 1021 1284 etiarn
1051 1229 1174 1302 propter
1202 1223 1271 1283 eins
1296 1223 1490 1284 acerbitatem
1514 1223 1671 1303 repudiata
1698 1230 1757 1284 est.
1782 1222 1931 1284 -Haec
1954 1221 2098 1296 formula,
2124 1244 2204 1303 quae

189 1308 310 1369 omnino
321 1307 420 1389 periit,
433 1314 517 1368 certe
528 1307 691 1387 hucusque
705 1328 764 1369 non
777 1315 897 1389 reperta
908 1315 970 1379 est,
987 1309 1056 1369 sine
1075 1303 1168 1369 oriola
1186 1328 1285 1389 aeque
1303 1329 1339 1370 ac
1356 1307 1410 1370 iila
1427 1312 1522 1389 prima
1539 1309 1578 1370 all
1600 1307 1812 1390 imperatorem
1831 1310 1945 1390 scripta
1962 1316 2116 1383 erabcnm
2140 1309 2205 1372 illis

188 1392 301 1456 diebus
324 1392 456 1456 nondum
475 1396 553 1455 satis
573 1397 768 1456 constitutum
792 1415 867 1456 esse
884 1396 1047 1467 videretur,
1069 1413 1107 1455 an
1126 1390 1301 1456 Confutatio
1319 1393 1522 1476 praelegenda
1544 1402 1575 1457 et
1592 1397 1681 1457 cuins
1703 1397 1823 1456 nomine
1842 1403 1930 1458 esset
1947 1394 2160 1477 praelegenda.

343 1513 425 1576 inter
442 1512 521 1575 hauc
543 1515 673 1577 niteram
694 1514 852 1577 formulam
872 1519 977 1577 iterum
1001 1517 1162 1587 reiectam,
1186 1523 1218 1576 et
1241 1535 1323 1589 eam,
1347 1506 1439 1596 'quam
1457 1517 1600 1596 sequenti
1624 1519 1719 1578 tertio
1747 1515 1816 1576 ioco
1846 1518 2089 1587 recensebimus,
2118 1516 2203 1584 Chr.

192 1598 332 1663 Gottir.
354 1599 522 1663 Mueller
539 1604 568 1664 in
591 1601 724 1665 Praelat.
743 1602 811 1663 iibri
834 1601 917 1663 illico
935 1601 1076 1663 laudandi
1102 1622 1131 1683 p.
1160 1599 1249 1664 xLll
1267 1622 1315 1680 sq.
1335 1602 1554 1664 statuit-aliam
1574 1603 1735 1683 quandam,
1759 1623 1848 1682 quam
1874 1604 1941 1682 ipse
1960 1606 2084 1664 tertium
2111 1605 2203 1666 nomi·

190 1692 290 1770 nat†)
307 1695 338 1750 et
355 1690 402 1750 sic
419 1696 576 1751 recenset:
602 1687 741 1750 „interea
762 1689 831 1749 dnm
849 1688 987 1768 theologi
1010 1690 1039 1749 in
1061 1689 1151 1750 tertia
1171 1687 1344 1749 adornanda
1361 1689 1489 1750 ionnuia
1510 1691 1703 1761 aestuabant,
1730 1695 1761 1751 ct
1778 1686 1942 1769 imperator
1968 1709 2036 1750 cnm
2059 1688 2203 1771 Principi-

190 1774 251 1838 iius
270 1772 441 1838 Pontificiis
460 1774 666 1845 deliberabat,
685 1777 758 1856 quid
777 1776 806 1837 in
829 1776 921 1836 rebus
940 1783 1000 1835 tam
1018 1776 1202 1854 ancipitibus
1226 1781 1258 1835 et
1274 1776 1403 1856 trepidis
1425 1776 1613 1849 laciendum,
1643 1783 1674 1836 et
1696 1779 1784 1837 cuius
1812 1777 1933 1836 nomine
1960 1772 2206 1839 Conintalionem

190 1860 353 1941 parandam
372 1870 404 1923 et
422 1863 655 1944 praelegendam
675 1868 852 1937 censerent,
870 1868 1012 1922 auctores
1034 1862 1063 1922 ei
1088 1860 1223 1933 inerunt,
1242 1870 1275 1923 ut
1297 1865 1418 1923 nomine
1437 1863 1536 1943 ipsius
1558 1861 1750 1942 imperatoris
1770 1861 2023 1941 ettheologorum
2046 1883 2205 1943 compone·

190 1955 283 2018 retur,
307 1955 339 2008 et
356 1953 527 2030 composita
549 1949 671 2031 publice
688 1947 922 2030 praelegeretur.
968 1946 1002 2008 id
1020 1947 1196 2009 conlirroant
1212 1947 1292 2009 Acta
1313 1947 1450 2028 blogunt.
1481 1948 1533 2010 iol.
1559 1952 1608 2011 76.
1635 1949 1685 2010 his
1713 1949 1832 2009 verbisz
1863 1951 2062 2026 instituitis,
2092 1951 2205 2022 hutten

171 2040 245 2099 -trb
268 2035 387 2099 &lenite
406 2043 496 2112 omisa
516 2043 562 2111 iiic
580 2050 644 2116 qut,
667 2039 720 2112 bai
738 2040 780 2098 tte
799 2039 1022 2114 wincelaum,
1042 2038 1068 2112 io
1087 2043 1136 2098 tin
1156 2039 1221 2111 fiai
1237 2036 1326 2109 opat·
1346 2047 1399 2098 aab
1418 2035 1531 2109 &irim
1555 2041 1603 2106 oni
1630 2040 1667 2107 St
1684 2038 1849 2110 betiniaci
1873 2040 1987 2107 betleim
2012 2046 2118 2099 merten
2144 2041 2204 2111 iuti,

190 2122 414 2196 induimini.
434 2127 542 2188 momen
562 2128 848 2202 submitterentur
870 2126 1074 2201 gelicitmetbe.
1099 2157 1139 2167 —-
1165 2119 1236 2193 Quo
1267 2123 1357 2201 igitur
1389 2119 1561 2202 Principum
1586 2123 1710 2185 decreto
1735 2124 1938 2183 constitutum
1954 2121 2095 2198 uidetur,
2125 2130 2159 2184 nt
2186 2142 2205 2184 a

189 2205 344 2287 theologis
368 2209 485 2283 iterum,
504 2211 533 2271 h.
559 2231 586 2272 e.
610 2210 698 2271 tertio
716 2208 913 2288 refingeretnr
935 2207 1112 2278 confutatio,
1135 2226 1172 2267 ac
1195 2209 1316 2268 nomine
1340 2205 1532 2287 imperatoris
1556 2216 1588 2271 et
1609 2208 1820 2288 theologorum
1846 2208 2055 2280 adomarelnr,
2079 2208 2147 2279 vei,
2170 2216 2206 2272 ut

105 2314 108 2319 ·
191 2291 368 2356 Goehlaeus
393 2305 490 2358 nouat
502 2297 585 2377 [loco
596 2316 690 2376 supra
706 2315 738 2377 p.
761 2301 795 2356 ll
810 2314 858 2374 sq.
881 2294 1005 2372 aliatoi,
1031 2292 1308 2356 transscriberelur.
1353 2294 1475 2355 Etenim
1498 2315 1565 2355 curu
1584 2293 1635 2356 hic
1648 2315 1715 2356 eam
1728 2297 1786 2356 iam
1799 2295 1967 2356 breviorem
1981 2294 2089 2355 iactam
2104 2295 2205 2356 inissa

188 2380 298 2453 undat,
317 2400 375 2441 non
393 2402 519 2463 prorsus
538 2385 693 2445 immutata
714 2390 746 2443 et
768 2383 881 2454 relicta,
900 2382 959 2442 sed
976 2380 1067 2441 modo
1090 2381 1131 2440 ila
1148 2400 1227 2440 nunc
1249 2380 1368 2441 videtur
1385 2389 1505 2461 parata,
1528 2389 1563 2443 nt
1584 2403 1692 2443 nornen
1716 2380 1909 2461 imperatoris
1934 2387 1965 2442 et
1991 2381 2203 2461 theologorum

188 2474 442 2551 praeponeretur,
461 2472 553 2552 inque
576 2490 614 2531 ea
639 2489 718 2530 nunc
742 2466 905 2548 imperator
928 2467 1062 2548 iuberet,
1086 2473 1222 2527 moneret
1244 2473 1277 2527 et
1304 2465 1513 2528 exhortaretur
1538 2465 1747 2539 Lutheranos,
1778 2472 1857 2528 nun'c
1881 2466 2019 2548 theologi
2047 2468 2202 2539 docerent,

189 2552 398 2616 confirmarent
416 2559 601 2637 argumentis
620 2576 679 2617 sua
701 2560 732 2615 et
752 2553 927 2615 refellerent
947 2554 1029 2633 Aug.
1048 2549 1266 2614 consessionis
1288 2553 1409 2634 placita.
1431 2591 1471 2600 -
1490 2591 1531 2604 -·
1555 2554 1618 2615 Sed
1642 2574 1743 2635 neque
1769 2555 1829 2615 ista
1851 2556 1940 2615 tertio
1963 2574 2074 2615 recusa
2100 2555 2204 2616 coniu-

187 2640 315 2700 tationis
333 2639 463 2703 formula
480 2645 602 2706 omnino
620 2644 738 2703 uidetur
756 2639 954 2702 satisfecisse
971 2638 1164 2721 imperatoris
1185 2645 1217 2701 et
1232 2637 1406 2721 Principum
1426 2639 1640 2702 catholicorum
1659 2642 1861 2722 expectationi
1880 2649 1912 2703 et
1933 2639 2091 2703 voluntati.
2130 2639 2204 2702 Ete-

186 2726 254 2785 nim·
268 2746 359 2806 quum
378 2736 589 2809 reputassent,
612 2750 702 2810 quam
723 2727 803 2788 maie
821 2728 960 2789 audirent
976 2724 1113 2807 theologi
1135 2722 1286 2787 Pontificii
1303 2748 1321 2788 a
1340 2725 1543 2797 Luiheranis,
1563 2736 1594 2789 et
1619 2747 1710 2807 quam
1740 2729 1839 2789 invisa
1864 2733 1952 2789 esset
1975 2726 2024 2788 his
2050 2730 2203 2807 asperitas

189 2809 326 2885 illorum,
344 2832 424 2893 quaa
443 2815 523 2878 haud
541 2816 634 2879 dubie
655 2819 686 2876 iu
705 2813 832 2876 formula
849 2816 939 2876 tertio
962 2812 1066 2874 relicta
1083 2812 1183 2874 adhuc
1200 2811 1357 2885 fremebat,
1381 2821 1487 2893 quarto
1505 2814 1713 2887 decreverunt,
1732 2821 1781 2887 ut,
1807 2821 1872 2876 tota
1892 2835 1926 2874 re
1951 2815 2119 2875 auctoritati
2149 2812 2204 2875 im·

187 2900 338 2978 paratoria
359 2904 517 2981 permissa,
536 2901 712 2965 Coniulnlio
734 2901 825 2963 modo
848 2902 970 2964 nomine
988 2901 1058 2962 eius
1076 2906 1318 2979 componeretur,
1335 2907 1429 2980 elque
1451 2900 1523 2962 hinc
1545 2901 1665 2962 demum
1686 2900 1941 2981 praelegeretur.“

342 3018 391 3084 Ex
410 3022 459 3085 his
482 3023 672 3106 intelligitur,
694 3042 714 3083 a
730 3020 920 3086 Muellern
940 3027 1069 3102 quatuor
1086 3020 1204 3102 priores
1224 3016 1450 3083 contulationis
1467 3020 1579 3085 latinae
1598 3021 1742 3083 ionnuias
1765 3021 1813 3082 sic
1831 3021 1995 3101 distingui:

391 3164 496 3242 primu
517 3165 677 3225 verbosior
698 3169 731 3224 et
750 3162 855 3233 acrior,
877 3160 1088 3242 theologorum
1106 3158 1322 3223 catholicorum
1341 3161 1461 3222 nomine
1479 3161 1651 3242 conscripta
1668 3168 1700 3223 et
1720 3167 1782 3223 tota
1804 3159 1843 3221 ad
1861 3142 1968 3221 'solum
1990 3156 2203 3239 imperatorem

438 3270 597 3325 conversa,
619 3252 711 3330 eique
729 3269 798 3310 cum
819 3247 958 3328 pluribus
976 3247 1046 3309 aliis
1066 3246 1182 3310 libeliis
1204 3247 1234 3311 d.
1256 3253 1304 3310 iil.
1316 3246 1384 3309 iulii
1402 3267 1421 3309 a
1442 3246 1596 3328 theologis
1619 3248 1742 3320 tradita,
1765 3268 1825 3308 non
1842 3245 1966 3328 publice
1983 3244 2202 3326 praelegenda3

393 3362 532 3426 icamia
552 3363 673 3424 brevior
689 3362 860 3442 mitiorque,
879 3358 1089 3440 theologorum
1109 3357 1324 3423 catholicorum
1343 3360 1466 3422 nomine
1483 3361 1656 3442 conscripta
1673 3366 1705 3422 et
1721 3366 1785 3422 tota
1803 3359 1842 3421 ad
1863 3357 1964 3422 solum
1987 3355 2202 3440 Imperatorem

437 3469 595 3526 conversa,
616 3470 675 3510 non
698 3447 821 3530 publice
837 3445 1057 3529 praelegenda3
1276 3460 1279 3467 ’

394 3564 491 3713 letitia
513 3563 633 3712 b‘qevior
652 3563 826 3644 mitiorque,
849 3560 971 3637 nomine
993 3555 1184 3641 imperatoris
1207 3563 1240 3621 et
1266 3556 1492 3640 theologorumn
1506 3557 1722 3621 catholicorum
1750 3561 1938 3640 conscripta,
1968 3556 2091 3639 publice
2119 3577 2202 3640 praa·

448 3670 524 3732 egen
548 3670 581 3723 a;

391 3769 506 3845 qrwrtu
522 3763 642 3824 brevior
663 3762 837 3841 mitiorque,
855 3758 953 3822 soiius
971 3755 1165 3840 imperatoris
1182 3758 1303 3820 nomine
1326 3759 1497 3838 conscripta
1519 3765 1552 3818 et
1573 3756 1705 3836 Prologo
1717 3730 1829 3827 ⁸aucta,
1854 3754 1977 3835 publice
1998 3754 2203 3836 praelegenda

368 3844 371 3849 ’
436 3851 481 3928 (in
501 3847 619 3911 Codice
641 3846 811 3929 Plinpiuno
833 3852 1001 3923 contenta).
1058 3930 1061 3935 Ι

271 4146 275 4153 ’
294 4161 323 4230 q
342 4163 474 4226 Quaenam
492 4163 584 4215 barum
601 4171 693 4213 vocum
711 4159 795 4223 aptior
812 4158 859 4222 slt,
878 4157 1024 4222 obseptare
1042 4157 1109 4209 ticet.
1145 4155 1173 4209 Sl
1189 4155 1258 4207 enlm
1282 4157 1366 4219 prima
1390 4155 1484 4210 rerba:
1505 4154 1675 4220 „ouirtouiea
1696 4151 1893 4207 emendortrt‘
1916 4162 2054 4214 urgemus,
2078 4153 2202 4215 cumque

340 4232 563 4286 remotiones
578 4228 678 4294 pomae
696 4228 885 4292 contulationis
903 4227 1058 4281 statuendae
1077 4228 1271 4288 auctenticum
1290 4230 1378 4279 summ
1397 4226 1525 4289 quinimo
1542 4224 1625 4277 tuisse
1642 4223 1726 4276 iudico
1744 4223 1942 4275 translationem
1965 4221 2061 4273 latinae
2084 4221 2156 4274 cont.
2175 4222 2201 4274 io

339 4301 456 4365 insuam
473 4299 664 4364 germanicam,
682 4299 756 4351 iussu
774 4297 939 4361 imperatoris
963 4297 1066 4349 lacum.
1101 4293 1185 4347 lierba
1207 4295 1295 4344 aulem
1321 4295 1468 4358 sequentia:
1492 4292 1642 4359 ,joslenni
1664 4295 1692 4344 et
1715 4290 1894 4358 renuerat,
1918 4290 2050 4344 clinem
2071 4293 2100 4343 et
2121 4301 2200 4343 recri-

339 4370 454 4425 cerac
462 4369 640 4432 sumerentur
650 4366 856 4432 interpretationi
874 4367 945 4419 chr.
965 4365 1078 4420 Gottir.
1095 4361 1267 4424 ilueilerb
1285 4362 1329 4425 qui
1346 4364 1470 4426 quincue
1483 4362 1632 4429 formula
1649 4360 1747 4424 statuit,
1759 4371 1855 4424 nernpe
1874 4359 2201 4423 primamcoulutationem

342 4439 367 4492 d.
386 4439 428 4490 1³.
446 4439 502 4492 iulii
520 4440 658 4491 exhibitam
682 4442 709 4490 el
731 4442 841 4502 quatuor
866 4436 934 4489 eius·
949 4434 1145 4488 retractationes
1168 4432 1272 4485 latinas.
1309 4432 1421 4497 Utraque
1444 4432 1523 4494 lgttnr
1547 4430 1756 4494 interpretatione
1783 4430 1886 4483 iliorum
1909 4429 2048 4482 verborum
2072 4429 2203 4493 probatur,

340 4509 464 4572 oumoue
480 4508 588 4562 tuimur
606 4507 823 4572 confutationes
840 4505 970 4566 deinceps·
987 4501 1138 4566 imperatori
1156 4512 1217 4555 esse
1237 4500 1374 4555 exhibitas.
1393 4527 1426 4538 -
1444 4501 1609 4554 Koellner
1630 4500 1656 4551 in
1674 4499 1692 4550 l.
1711 4495 1833 4558 &ambul
1852 4495 1977 4560 berlaii.
1996 4494 2029 4549 t.
2055 4510 2079 4561 p.
2097 4500 2157 4547 iot.
2176 4498 2205 4551 et

337 4578 420 4633 irio.
438 4577 580 4632 Francia
597 4578 624 4629 ln
641 4577 704 4629 Edit.
721 4576 854 4630 Librorum
874 4571 983 4636 symbol.
1000 4571 1130 4624 Ecclesiae
1154 4569 1227 4623 Lutb.
1249 4569 1368 4632 Protesi.
1386 4583 1410 4635 p.
1428 4570 1509 4623 llitlll.
1527 4575 1588 4623 nota
1606 4567 1631 4619 6.
1654 4568 1758 4633 quidem
1783 4567 1911 4627 relerunt,
1934 4567 2084 4630 computa
2107 4567 2201 4621 cmm·

342 4652 403 4702 toan
420 4659 481 4701 esse
501 4645 722 4710 confutationem,
740 4645 788 4698 sed
805 4643 884 4697 nibllo
902 4644 989 4696 minus
1006 4644 1107 4693 tantum
1121 4638 1246 4704 primm
1264 4639 1386 4696 miluom
1403 4642 1430 4692 et
1447 4650 1490 4702 ou
1497 4641 1608 4693 atuor
1625 4637 1758 4693 comtos
1777 4637 1887 4692 moros
1904 4642 2055 4702 proponunt

279 4732 322 4801 t¹³)
339 4735 393 4787 lioc
416 4733 570 4854 qipbusdam
593 4730 657 4785 loeis
675 4732 842 4796 epistolarum
859 4728 1030 4782 lictantbonis
1054 4726 1184 4790 ludgltat
1201 4727 1316 4792 ridetur3
1339 4727 1501 4780 villelmum
1522 4737 1547 4789 p.
1571 4726 1603 4773 11
1627 4736 1665 4788 sq.
1686 4726 1748 4778 nota
1772 4724 1801 4792 ⁴)
1828 4723 1963 4778 nudatum
1991 4723 2106 4787 auosque
2135 4721 2203 4776 luha

263 4885 320 4954 m)
337 4803 548 4941 qqeqqqeoqmm
565 4887 705 4942 turmulam
723 4885 864 4940 nicanor
883 4897 945 4938 esse
963 4884 1078 4948 coniicio,
1096 4895 1163 4948 quac
1179 4881 1328 4936 Melanthos
1346 4881 1382 4935 ad
1398 4882 1482 4936 illum
1498 4877 1661 4933 Theodorum
1680 4877 1705 4930 il.
1721 4877 1765 4940 in.
1784 4879 1840 4932 iulii
1857 4878 1961 4942 scripsit
1977 4877 2018 4941 (ln
2035 4877 2112 4931 huus
2129 4877 2203 4942 corp.

337 4959 392 5012 i'oi.
408 4958 444 5008 11.
463 4970 488 5021 p.
505 4957 595 5023 utiq:
619 4959 725 5020 ,iccius
747 4957 787 5010 bis
805 4956 899 5009 diebus
917 4959 1025 5019 questus
1044 4958 1085 5007 est
1101 4952 1170 5017 apud
1189 4964 1265 5008 suum
1284 4951 1560 5017 quasimembra,
1582 4950 1723 5002 caesarem
1745 4960 1828 5011 paene
1853 4948 1956 5002 tertiam
1981 4947 2069 5011 scripti
2086 4948 2126 5000 sui
2145 4959 2205 5011 par·

338 5030 393 5080 tem
422 5026 569 5081 intonsae:
595 5039 627 5081 ac
649 5025 765 5092 suspicor
793 5025 933 5089 praecipua
959 5023 1019 5077 libri
1044 5030 1197 5077 omomeuta
1227 5021 1315 5075 deleta
1337 5033 1413 5082 esse,
1439 5021 1565 5084 noceat,
1589 5017 1701 5081 insignia
1723 5017 1859 5071 mendacia
1881 5021 1910 5071 et
1934 5018 2114 5082 sycophantias
2132 5016 2204 5069 stoll-

339 5095 490 5152 olsalmrsf‘

290 5180 322 5249 i)
339 5183 411 5236 lianc
426 5181 584 5236 senentiam
602 5182 685 5235 menti
702 5185 762 5235 eunt
784 5179 871 5234 illob
896 5176 1056 5232 lieberto
1073 5177 1090 5231 t
1106 5178 1261 5243 immeto
1283 5177 1326 5233 cit
1346 5176 1556 5244 coasoeooaaa
1578 5180 1643 5239 luo.
1667 5172 1821 5237 Pontificio
1842 5175 1966 5240 eterra
1988 5173 2141 5238 anunm
2168 5182 2205 5225 no

339 5252 456 5308 omno.
474 5250 619 5314 omicron.
636 5263 661 5315 p.
678 5249 741 5314 111.‚
757 5249 875 5304 christ
892 5248 973 5303 buli.
990 5247 1131 5312 spiciler
1146 5249 1173 5302 ln
1191 5248 1209 5302 l.
1229 5248 1376 5315 coalesm
1391 5245 1461 5312 adet
1476 5250 1551 5313 ilio,
1571 5244 1737 5312 mummio
1754 5242 1864 5310 Pontis.
1880 5247 1911 5298 ct
1925 5243 2061 5310 ipoiopto
2075 5242 2201 5308 ωηεν.

223 5328 229 5335 ·
338 5319 452 5376 meiat.
468 5332 494 5384 p.
510 5321 610 5375 llitltii.
629 5317 708 5386 (quun
726 5318 792 5373 duos
809 5319 891 5373 ubres
909 5316 979 5372 intra
997 5316 1142 5371 acouallus
1158 5317 1325 5384 recensebo).
