4756 6194
142 502 146 507 ι
180 410 246 478 bnt
528 409 570 478 ll.
614 407 846 476 aromata
867 403 1185 475 commotus
1207 403 1526 475 annueram
1569 404 1611 470 B·
1655 402 1849 473 chunna
2131 411 2199 481 538

179 602 321 676 nius⁸³l
350 599 632 665 enumerationem
663 608 879 683 peccatoram
908 614 976 660 non
1004 612 1083 660 essa
1106 613 1164 659 ne-
1214 589 1280 657 hec
1300 612 1340 657 re
1359 595 1513 674 maxima,
1535 612 1623 678 qnae
1643 594 1857 678 praecipuum
1874 593 2049 682 Euangeiij
2072 596 2197 680 locum,

181 688 363 751 cessariam
392 686 468 751 lure
491 687 622 761 diuino,
651 682 754 768 ldque
782 681 892 767 placet
915 682 1163 758 Panormitano,
1215 697 1437 762 quaererem
1460 678 1585 745 Christi
1612 681 1852 764 cognitionem,
1882 702 1968 767 quae
1990 704 2104 750 verum
2127 683 2198 752 cul·

179 784 214 838 et
245 770 436 858 plaerisque
468 767 544 857 alijs
578 770 715 835 eruditis
749 769 834 834 luris
867 764 1042 833 consultis.
1091 764 1165 829 Neo
1215 775 1284 828 tum
1305 761 1370 827 Dei
1395 767 1550 844 continet,
1573 767 1744 850 pacienter
1765 787 1806 830 ac
1829 763 2004 854 diligenter
2024 773 2142 835 audias
2164 781 2199 838 et

178 856 333 925 volumus
354 859 525 942 imponere
547 856 782 919 necessitatem
801 855 1014 936 conscientiJ's
1033 863 1165 915 nostro·
1216 868 1418 933 cognoscas.
1464 848 1675 935 comperient
1697 852 1782 916 enim
1805 870 1921 918 omnes
1943 856 2023 919 honi
2041 857 2111 931 viri,
2134 875 2198 922 nos

177 965 251 1009 rum
284 964 346 1028 per
378 943 652 1007 constitucionem
685 936 792 1020 illam,
837 941 955 1005 Omnis
983 937 1165 1022 vtriusqne,
1214 935 1249 998 in
1281 932 1347 999 hac
1379 954 1417 999 re
1438 939 1620 1021 praecipue
1642 938 1799 1005 docuisse
1821 958 1921 1017 vera,
1966 940 2016 1019 ia,
2038 939 2198 1021 salubria,

179 1030 223 1095 de
245 1051 312 1116 qna
331 1029 467 1114 perinde
489 1028 689 1099 iudicamus,
711 1037 747 1091 vt
769 1027 811 1090 dc
834 1023 911 1090 ali‘s
933 1025 1164 1090 traditionibus
1215 1030 1249 1085 et
1281 1024 1475 1086 necessaria
1506 1023 1683 1088 uniuersae
1715 1021 1890 1090 Ecclesiae
1919 961 2055 1092 Christi.
2099 1027 2198 1094 Com·

178 1113 352 1192 humanis,
380 1114 565 1200 dequibus
593 1112 774 1189 sentimus,
803 1046 893 1196 quod
915 1133 983 1176 non
1005 1113 1072 1174 sint
1093 1107 1164 1175 cnl-
1214 1105 1344 1190 perient
1362 1126 1419 1191 ¹eu
1451 1108 1585 1194 scriptis
1599 1111 1653 1188 86)
1681 1119 1872 1175 nostrorum
1911 1109 2086 1196 plurimum
2113 1111 2199 1180 lucia

177 1212 232 1266 tus
255 1200 297 1266 ad
324 1200 592 1265 iustificationem
619 1197 815 1282 necessarij.
869 1196 912 1262 Et
933 1197 1018 1262 haec
1040 1196 1165 1261 consti·
1215 1193 1407 1256 acoessisse
1434 1190 1639 1278 Euangelio,
1667 1206 1701 1259 et
1729 1192 1852 1261 multos
1874 1199 2084 1281 perniciosos
2105 1219 2198 1267 erro·

177 1289 267 1352 tucio
288 1282 620 1370 rem‘impossibilem
642 1282 814 1369 praecipit,
834 1293 872 1348 vt
893 1284 1003 1348 omnia
1023 1294 1164 1367 peccata
1215 1295 1273 1341 res
1300 1280 1493 1361 emendatos
1522 1298 1618 1359 esse,
1644 1282 1764 1366 quihus
1792 1294 1889 1347 antea
1912 1285 2032 1350 obruta
2054 1281 2116 1351 tuit
2137 1286 2197 1351 do·

179 1370 406 1439 confiteamur.
420 1374 475 1450 ⁸⁴)
519 1368 662 1435 Constat
694 1381 807 1435 autem
832 1366 975 1453 plurima
1008 1388 1071 1432 nos
1099 1385 1164 1432 nec
1216 1363 1324 1427 ctrina
1356 1365 1399 1429 de
1426 1365 1653 1449 poenitencia,
1680 1386 1740 1452 per
1768 1365 2053 1435 Scholasticerum
2080 1384 2115 1437 et
2137 1371 2199 1438 Ca·

177 1458 389 1535 meminisse,
429 1476 494 1522 nec
532 1451 736 1542 intelligere,
775 1455 867 1520 iuxta
904 1452 998 1538 illud,
1030 1450 1164 1520 Delicta
1215 1449 1424 1516 nonistarum
1448 1451 1633 1535 opiniones.

179 1547 254 1633 quis
276 1540 451 1628 intelligit?
1301 1533 1354 1600 Ac
1380 1536 1573 1622 priusquam
1600 1537 1792 1603 accedimus
1818 1540 1862 1604 ad
1888 1536 2115 1606 defensionem
2138 1563 2198 1608 no·

265 1630 302 1695 Si
331 1630 398 1694 sint
428 1628 506 1692 boni
528 1625 706 1705 Pastores,
737 1625 845 1690 scient
871 1638 1035 1710 quatenus
1057 1625 1165 1711 prosit
1216 1631 1308 1685 strae
1329 1625 1531 1699 sentenciae,
1549 1622 1616 1687 1¹00
1637 1620 1853 1708 praefandum
1875 1637 1940 1691 est.
1973 1627 2100 1693 Omnes
2117 1629 2197 1695 boni

178 1716 368 1783 examinare
390 1715 502 1793 rodes,
525 1712 586 1776 sed
608 1709 699 1776 illam
723 1711 947 1777 carnificinam
968 1712 1164 1778 Summista·
1215 1706 1288 1785 viri,
1312 1709 1456 1772 onrrrium
1479 1709 1631 1774 ordinum
1657 1730 1699 1775 ac
1720 1707 1916 1798 Theologici
1939 1713 2065 1777 ordinis
2087 1716 2197 1798 etiam,

177 1824 251 1868 rum
281 1799 481 1867 confirmare
513 1817 581 1861 non
608 1796 784 1869 volumus,
811 1817 897 1884 qnae
924 1810 1033 1865 umen
1056 1798 1163 1862 minua
1216 1790 1305 1856 haud
1328 1792 1427 1858 dubie
1449 1790 1606 1874 fatentur,
1628 1806 1706 1859 ante
1722 1794 1859 1862 Lutheri
1877 1798 2016 1882 scripta,
2033 1798 2199 1864 conlusis-

176 1885 300 1954 fuisset
328 1883 579 1963 intollerabilis,
604 1884 634 1947 si
662 1885 800 1949 verbum
822 1905 922 1950 vnum
945 1884 1164 1961 addidissent,
1216 1878 1332 1942 simam
1346 1881 1400 1956 ⁸⁷)
1433 1875 1539 1945 inisse
1573 1881 1756 1946 doctrinam
1789 1885 2021 1966 poenitentiae.
2076 1884 2199 1952 Fntant

179 1974 224 2040 de
244 1972 310 2039 fide
333 1969 548 2048 consolante,
571 1971 778 2056 etterigente
800 1971 1043 2050 conscientias,
1065 1968 1164 2036 Nunc
1215 1961 1293 2029 libri
1321 1962 1644 2044 Sentenciariorum,
1673 1967 1730 2032 vbi
1759 1981 1836 2032 sunt
1863 1969 2010 2035 infinitae
2031 1974 2198 2054 quaestio·

180 2060 224 2125 de
245 2061 311 2124 hac
333 2059 401 2124 lide
430 2068 659 2142 consequente
685 2056 915 2121 remissionem
936 2067 1165 2143 peccatorum,
1215 2067 1296 2128 nes,
1328 2070 1414 2135 ques
1440 2048 1524 2116 nulli
1545 2048 1711 2138 Theologi
1742 2073 1885 2139 unquam
1914 2056 1998 2121 satis
2030 2054 2198 2140 explicare

180 2143 273 2212 nulla
306 2158 359 2209 est
391 2140 544 2230 syllaba,
575 2144 610 2206 in
643 2153 736 2207 tanta
762 2138 851 2208 mole
874 2143 1165 2221 constitucionum,
1214 2147 1404 2219 potnerunt·
1448 2135 1599 2222 Populus
1625 2158 1737 2223 neque
1757 2141 1806 2205 rei
1835 2161 1995 2206 summam
2020 2140 2198 2226 conrplectl

180 2230 366 2317 glosatum,
388 2231 615 2306 summarum,
638 2224 958 2307 commutandum,
990 2227 1164 2313 Nusquam
1215 2222 1340 2305 potuit,
1362 2240 1427 2287 nec
1449 2224 1563 2288 videre
1585 2224 1673 2308 qnae
1717 2227 1872 2312 raecipne
1893 2229 2142 2313 requirerentur
2163 2231 2198 2295 in

179 2318 225 2383 ibi
248 2315 401 2383 bhristus
422 2313 558 2403 legitur,
573 2315 627 2389 86)
653 2312 795 2389 ‘lantum
825 2313 981 2400 leguntur
1008 2324 1164 2398 supputa-
1215 2307 1438 2390 poenitencia,
1459 2309 1516 2374 vbi
1560 2247 1730 2374 nectenda
1751 2323 1843 2378 esset
1870 2333 1936 2397 pax
1957 2315 2197 2380 conscientiae.

182 2405 297 2469 dones
328 2413 555 2489 peccatorum.
608 2397 651 2463 Et
678 2401 820 2463 maxima
845 2420 926 2485 pars
959 2400 1165 2466 consumitur
1215 2391 1363 2457 Prodeat
1393 2395 1492 2460 nobie
1558 2395 1644 2480 iqnis
1678 2416 1720 2461 ex
1751 2398 1975 2480 aduersariis,
2008 2402 2064 2484 qui
2096 2400 2198 2482 dicat,

180 2489 216 2555 in
243 2490 410 2572 peccatis,
437 2499 555 2552 contra
581 2485 777 2550 traditiones
800 2484 981 2566 humanas,
1003 2505 1090 2571 quaa
1112 2496 1166 2550 est
1216 2478 1349 2563 quando
1392 2478 1450 2545 fiat
1490 2481 1644 2547 remissio
1682 2494 1905 2566 peccatorum.
1962 2482 2057 2549 Bone
2089 2483 2197 2567 Deus,

180 2575 373 2641 vanissima.
418 2572 513 2638 llaec
535 2572 686 2636 doctrina
708 2572 821 2658 adegit
841 2570 964 2637 multas
981 2572 1055 2656 pias
1074 2591 1164 2636 men·
1215 2575 1360 2650 quantae
1392 2567 1666 2633 tenebraesunt.
1719 2566 1894 2648 Dubitant,
1916 2580 2025 2635 vtrnm
2048 2571 2082 2634 in
2111 2573 2198 2637 attri-

179 2672 233 2727 tes
253 2661 298 2725 ad
320 2661 603 2744 desperationem,
629 2676 715 2743 quae
742 2678 811 2722 non
833 2669 1012 2742 potuerunt
1033 2658 1166 2743 acquie-
1217 2651 1333 2730 aione,
1356 2648 1412 2715 vel
1432 2652 1466 2716 in
1490 2652 1695 2717 contricione
1715 2653 1774 2717 bat
1795 2656 1950 2721 remissio
1971 2667 2196 2742 peccatorum.

181 2766 291 2825 scere,
312 2746 391 2831 quia
408 2746 598 2809 sentiebant
620 2743 695 2808 lure
712 2742 824 2808 diuino
841 2746 1068 2809 necessariam
1087 2762 1165 2810 esse
1215 2732 1259 2799 Εῑ
1285 2735 1315 2800 δί
1342 2734 1380 2800 fii
1401 2749 1538 2823 propter
1560 2738 1817 2818 contricionem,
1848 2741 1926 2826 quid
1948 2762 2034 2828 opus
2055 2754 2109 2808 est
2129 2743 2197 2809 Ab·

181 2833 481 2907 enumerationem,
518 2839 552 2894 et
584 2839 696 2894 tamen
728 2831 984 2914 experiebantur
1016 2830 1166 2914 impossi·
1216 2818 1401 2901 ⁸⁰ln010n0a
1423 2824 1501 2909 quid
1521 2825 1591 2909 ⁸53²
1611 2833 1763 2909 1>010⁸i⁸⁸
1786 2821 1946 2906 clauim,
1969 2828 1998 2891 δῖ
2021 2841 2197 2911 Ρθΰθδῑῑῑω

179 2916 281 2985 bilem
304 2936 394 2984 esse.
438 2916 508 2982 Sed
529 2915 670 2981 haerent
690 2912 757 2981 alia
783 2936 852 2981 non
874 2918 1002 2982 minora
1023 2916 1111 2983 vicia
1131 2917 1165 2982 in
1214 2907 1280 2974 iam
1308 2917 1362 2973 esi
1387 2908 1589 2975 remissum?
1641 2908 1706 2975 Hie
1733 2930 1816 2975 vero
1842 2909 1946 2976 multo
1969 2914 2077 2999 magis
2099 2916 2197 2979 etiam

181 3003 335 3070 doctrina
360 3001 630 3069 aduersariorum
658 3001 702 3067 do
726 3002 953 3086 poenitenda,
985 3022 1073 3090 quae
1099 3002 1165 3069 iam
1215 2992 1356 3072 sudant,
1401 3004 1437 3059 et
1468 3004 1667 3079 potestatem
1704 2992 1849 3063 obuium
1880 2998 1979 3083 impie
2005 3009 2197 3081 extenuant,

180 3089 442 3157 recensebimus.
1214 3076 1283 3161 nltj
1316 3085 1483 3145 somniant
1510 3090 1678 3165 potestate
1704 3078 1846 3147 clauinrn
1872 3101 1941 3147 non
1973 3085 2094 3150 remitti
2126 3083 2197 3151 cul·

1237 3184 1317 3243 am,
1342 3166 1406 3229 sed
1430 3167 1549 3231 mutari
1575 3186 1704 3252 poenas
1732 3178 1907 3248 aeternas,
1927 3169 1961 3233 in
1983 3167 2196 3254 temporales.

1230 3260 1264 3314 ta
1295 3246 1513 3317 saluberrima
1544 3262 1713 3337 potestas,
1751 3266 1845 3319 esset
1882 3253 2097 3323 ministerium.
2128 3277 2198 3322 non

452 3325 517 3391 DE
539 3322 892 3391 POENlTENClA.
1214 3336 1322 3415 vitae,
1357 3348 1391 3401 et
1413 3338 1567 3421 spiritus,
1595 3338 1660 3402 sed
1680 3348 1808 3404 tantum
1828 3340 1915 3420 irae,
1949 3353 1982 3406 et
2002 3360 2196 3426 poenarum,

1214 3417 1271 3504 dij
1305 3418 1461 3488 videlicet
1493 3423 1660 3489 cautiores
1693 3424 1738 3489 fin
1810 3436 2021 3510 apotastare
2053 3426 2197 3495 alaniam

266 3501 304 3565 ln
325 3494 468 3566 amento
491 3497 686 3564 duodecimo
707 3498 852 3583 probant
867 3496 1006 3582 primam
1023 3508 1163 3583 partem,
1214 3508 1333 3573 remitti
1360 3520 1517 3595 peccata,
1545 3529 1660 3576 coram
1680 3509 1752 3575 lice
1766 3511 1854 3591 asia,
1884 3532 1952 3578 non
1972 3531 2087 3577 coram
2108 3510 2194 3579 Deo.

180 3607 247 3673 qua
268 3587 475 3671 exponimus,
497 3583 620 3668 Lapsis
641 3595 720 3668 post
740 3581 947 3668 Baptismnm
969 3586 1164 3672 contingere
1213 3594 1277 3659 liic
1304 3613 1439 3681 qnoque
1466 3595 1677 3680 perniciosus
1705 3615 1801 3661 error
1829 3606 1890 3661 est.
1939 3596 2025 3662 Nam
2046 3598 2077 3663 si
2102 3609 2197 3683 pote·

179 3692 283 3759 posse
299 3672 530 3738 remissionem
551 3681 766 3755 peccatorum
784 3689 984 3755 quocunqne
1000 3681 1163 3758 ternpore,
1212 3691 1286 3743 stas
1308 3677 1451 3747 clunium
1472 3700 1540 3745 non
1562 3677 1757 3746 consolatur
1778 3700 1978 3749 noscerem
1999 3680 2087 3763 Deo,
2133 3702 2198 3751 nae

179 3771 214 3824 et
236 3761 508 3844 quaelescunque
529 3768 780 3820 conuertuntur.
823 3755 1012 3821 Secundam
1033 3769 1162 3840 partem
1212 3782 1269 3829 res
1308 3766 1442 3830 tandem
1483 3767 1600 3832 reddet
1630 3777 1784 3850 pacatam
1814 3768 2074 3836 conscientiam?
2109 3705 2197 3837 (hana

179 3844 355 3922 damnant,
384 3844 418 3907 in
441 3861 508 3926 qua
532 3840 761 3924 poenitenciae
783 3853 898 3926 partes
920 3842 1061 3907 dicimus
1084 3862 1163 3909 esse
1212 3846 1271 3913 illa
1292 3863 1370 3915 sunt
1397 3851 1505 3936 magis
1533 3850 1632 3916 ctiam
1659 3848 1831 3938 perplexa
1874 3852 2008 3920 Docent
2029 3873 2095 3921 nos
2116 3875 2195 3921 con·

179 3929 419 3996 contricionem
441 3938 476 3991 et
496 3925 608 3991 fidem.
650 3925 702 3990 Ne
727 3938 785 3990 ant
806 3926 904 3991 iidem
926 3946 1003 3991 essa
1021 3924 1163 3994 alteram
1213 3935 1353 4001 tricione
1384 3937 1504 4002 merari
1536 3938 1687 4023 gratiam
1742 3936 1809 4003 Vbi
1841 3939 1871 4003 si
1899 3941 1973 4026 quis
2001 3942 2196 4028 interroget,

178 4026 306 4101 partem
339 4013 576 4100 poenitenciae·
625 4010 689 4084 Qui
742 4009 798 4078 hic
820 4009 943 4077 Garole
964 4010 1093 4077 Caesar
1114 4013 1163 4078 ln·
1213 4041 1317 4107 quare
1343 4018 1446 4100 Saul,
1485 4021 1605 4102 ludas,
1644 4035 1678 4089 et
1705 4023 1831 4089 similes
1858 4045 1926 4091 non
1947 4044 2053 4092 conse
2076 4038 2197 4094 uantur

179 4101 365 4168 uictissime
386 4095 571 4165 helenius?
612 4097 707 4162 llaec
729 4107 783 4161 est
809 4099 943 4200 propria
965 4117 1033 4162 vox
1054 4096 1163 4163 Enen·
1213 4108 1375 4191 gratiam,
1403 4108 1458 4192 qui
1478 4105 1682 4175 horribiliter
1702 4111 1835 4175 contriti
1856 4123 1945 4191 sunt,
1967 4111 2031 4176 llic
2052 4048 2095 4178 de
2116 4112 2194 4193 tide,

179 4186 278 4275 gelij,
305 4187 395 4272 quod
422 4184 489 4252 fide
522 4198 605 4249 cons
649 4203 767 4249 namur
784 4185 1023 4287 ‘remissionem
1044 4203 1163 4288 pecca·
1213 4203 1247 4256 et
1281 4192 1323 4257 de
1354 4190 1540 4279 Euangelio
1569 4196 1837 4280 respondendum
1869 4209 1957 4276 erat,
1984 4198 2074 4283 qnod
2095 4196 2195 4264 ludas

178 4285 298 4338 torum.
352 4273 450 4338 lianc
475 4288 593 4336 vocem
648 4266 793 4356 nangeliJ
826 4271 984 4336 damnant
1003 4283 1059 4335 rstr
1080 4271 1163 4335 scri·
1212 4296 1280 4342 non
1303 4279 1498 4358 crediderit,
1525 4299 1593 4345 non
1616 4281 1760 4347 erexerit
1785 4300 1825 4347 se
1845 4280 1938 4348 Euan
1964 4281 2029 4348 elio
2056 4294 2090 4349 et
2118 4304 2195 4368 pro·

177 4368 293 4445 ptores
317 4355 568 4422 confutacionis.
601 4355 673 4420 Nos
696 4355 796 4442 igitur
816 4352 909 4421 nullo
928 4355 1030 4421 modo
1048 4375 1163 4420 assen-
1212 4364 1374 4429 missione
1400 4362 1535 4430 Christi.
1589 4365 1692 4432 Fides
1721 4368 1810 4431 enim
1838 4303 1981 4434 ostendit
1995 4371 2050 4447 88)
2079 4368 2194 4436 abcd-

177 4446 232 4511 tiri
259 4442 485 4509 conlutacion‘r
540 4460 708 4507 assuentes,
754 4441 830 4506 Non
861 4460 1043 4527 possumus
1072 4438 1163 4506 saln-
1211 4468 1287 4514 men
1309 4449 1393 4515 inter
1414 4450 1650 4517 contricionem
1673 4452 1774 4518 iudae
1795 4462 1829 4518 et
1845 4453 1944 4519 Petri.
1989 4453 2114 4520 Verum
2136 4456 2195 4521 ad·

178 4533 354 4597 herrimam
373 4550 491 4595 vocem
507 4465 694 4614 hnangelit
714 4537 748 4593 et
761 4526 894 4613 plenam
912 4524 1161 4594 consolacionis
1210 4536 1352 4618 uersanj
1386 4535 1429 4602 de
1460 4533 1537 4622 lege
1568 4540 1790 4622 respondent,
1816 4539 1906 4623 quod
1931 4537 2032 4606 ludas
2058 4560 2127 4605 non
2147 4541 2195 4606 di·

178 4617 348 4682 denmare.
396 4613 483 4687 Quid
513 4628 565 4681 est
596 4612 689 4680 alind
708 4633 852 4701 negare,
883 4613 973 4699 quod
995 4611 1061 4678 side
1083 4633 1162 4679 con·
1211 4616 1329 4686 lexerit
1346 4620 1467 4700 Deum,
1489 4622 1551 4688 sed
1573 4624 1720 4689 timuerit
1737 4642 1874 4709 poenas.
1918 4624 2061 4699 Quando
2083 4636 2194 4692 autem

177 4702 886 4872 tlt:ttntifflhiztttsttttts
942 4710 1161 4850 tunsi:
1210 4708 2196 4878 “attintilbdfflt‘itbtid’uniat

178 4892 298 4963 gamus
318 4873 420 4959 igitur
441 4883 475 4937 te
496 4871 619 4939 Carole
636 4869 767 4939 Caesar
788 4871 953 4939 indatus.
975 4882 1012 4937 nt
1032 4890 1097 4937 nos
1119 4872 1163 4937 de
1210 4896 1253 4942 ac
1281 4875 1477 4963 Prophetis,
1509 4889 1545 4944 et
1576 4816 1797 4966 quo’sqcerte
1827 4882 2008 4971 degustant
2036 4884 2107 4964 isti,
2138 4883 2196 4971 qui

177 5032 385 5060 ——-..-h-

177 5164 226 5234 08)
244 5164 381 5232 tenemus]
398 5164 490 5217 Non:
508 5165 654 5216 senciamus
1211 5166 1260 5234 eb)
1277 5181 1311 5217 ex
1327 5167 1439 5236 scriptia]
1457 5168 1549 5220 Nona
1567 5170 1672 5237 seriptis

178 5252 227 5321 ie)
245 5250 437 5319 munierum]
452 5252 503 5302 Ed.
522 5254 562 5303 ⁴.=
581 5249 759 5303 confiteantur.
1211 5253 1259 5319 di)
1277 5251 1494 5324 mansuum]
1511 5254 1563 5307 lid.
1580 5257 1607 5309 4.
1624 5263 1677 5325 typ.
1697 5271 1763 5311 erra
1780 5259 1965 5313 eonium

179 5336 462 5407 dh)leqitnr,]1iorr
479 5338 586 5403 legitur.
1210 5338 1260 5405 ⁸⁸)
1278 5337 1406 5407 milit]
1422 5338 1515 5393 liora
1533 5338 1597 5394 M
