4756 6194
182 369 248 434 ert
532 366 571 433 ii.
618 363 853 432 Aromata
875 362 1190 431 consessionis
1211 361 1531 431 AUGUSTANAE.
1573 365 1614 431 B.
1658 365 1851 436 ALTERA.
2128 373 2199 441 eie

182 558 255 609 natio
275 557 430 608 delictorum
452 564 563 607 tuorum.
599 556 773 618 Hieronymus
797 553 840 603 hic
864 561 967 619 praeter
989 567 1044 605 rem
1064 555 1163 605 adiecit
1212 557 1329 621 sequitur
1360 555 1580 605 condonationem
1615 557 1738 608 diuinam
1782 556 1857 608 Solet
1885 567 1971 609 autem
1998 559 2116 615 christus
2141 544 2196 614 hoc

183 625 354 677 dubitatiusm
371 628 532 691 particulam.
558 629 592 676 lit
609 625 689 673 multo
708 622 895 689 imprudentius
914 622 1030 688 disputat
1042 624 1071 672 in
1083 624 1162 674 Gom·
1211 626 1292 674 modo
1310 625 1470 688 coniungere
1487 624 1572 687 legem
1590 631 1617 673 et
1634 625 1815 690 Euangelinm,
1832 634 1862 676 ut
1878 635 2014 692 utrumqne
2032 632 2126 693 tradat,
2146 633 2194 682 do·

182 696 325 758 menterijs,
343 697 470 744 incertam
488 710 545 745 esse
564 695 742 745 remissionem
760 700 933 755 peccatorum.
970 690 1025 743 Sed
1043 706 1090 740 nos
1107 706 1161 740 me·
1212 694 1324 743 otrinem
1340 692 1402 742 lidei
1420 699 1446 742 et
1463 693 1592 742 honorum
1608 708 1725 759 opernm,
1743 702 1773 743 nt
1789 704 1894 745 moneat
1908 697 2058 761 hypocrisin
2077 701 2193 750 cisimu-
2277 702 2284 713 ‘

182 765 332 814 minerimua
357 761 529 827 Euangelium
556 773 628 812 certo
656 761 808 825 promittere
835 760 1016 809 remissionem
1042 767 1162 823 peceato·
1211 763 1337 813 lationem
1360 762 1540 827 poenitenciae
1562 776 1630 824 esse,
1653 765 1704 813 nisi
1728 772 1869 827 sequentur
1892 765 1955 815 honi
1976 766 2083 818 tructus.
2118 769 2194 832 Item,

181 847 248 882 rum.
283 833 360 897 Isque
383 832 489 883 abolere
511 832 684 895 Euangelium
706 829 850 878 censendus
874 835 926 890 est,
951 830 995 890 qni
1016 829 1098 877 sentit
1121 842 1161 877 re·
1211 831 1249 881 Vt
1266 832 1349 880 multa
1364 830 1504 880 habeamus
1522 839 1632 880 externa
1648 833 1724 895 signa
1741 833 1894 897 Euangeiiy',
1913 841 1938 882 et
1954 836 2115 888 remissionis
2132 851 2192 900 poo-

181 902 333 950 missionem
350 910 515 965 peccatorum
532 904 659 951 incertam
676 913 744 948 esse.
779 897 946 948 Dimittamns
967 897 1049 960 igimr
1066 897 1117 946 hoc
1133 898 1162 946 in
1212 907 1339 960 οιιοιιιιιι,
1357 913 1423 962 quae
1440 914 1489 947 nos
1508 900 1750 964 commonefaciant,
1768 909 1795 951 et
1810 903 1993 965 consolentur,
2011 912 2038 952 et
2055 912 2084 952 ut
2106 906 2193 956 multi.

181 970 242 1019 loco
260 970 455 1034 Hieronymum.
491 968 556 1018 Cum
573 976 660 1018 eutem
682 967 752 1016 clare
776 974 889 1032 ponatur
911 967 1065 1029 promissio,
1089 974 1161 1015 certe
1211 969 1315 1033 pliciter
1338 982 1461 1017 exercere
1484 968 1564 1017 iidem
1590 970 1727 1035 possimus.
1767 968 1812 1020 Sic
1834 971 1914 1034 igitur
1935 985 2043 1021 necesse
2067 980 2106 1021 est
2127 977 2193 1024 tales

180 1039 323 1103 requiritur
349 1038 427 1099 tides,
454 1040 514 1101 quia
539 1039 679 1102 promissio
704 1050 758 1085 non
781 1042 870 1099 potest
891 1036 990 1100 accipi,
1016 1035 1068 1084 nisi
1095 1034 1157 1084 lide.
1211 1038 1285 1086 locos
1312 1038 1410 1100 accipi,
1434 1051 1467 1085 ne
1496 1038 1644 1087 aboleamus
1668 1038 1842 1103 Euangelinm
1860 1040 1894 1088 de
1911 1037 2032 1102 Christo,
2050 1054 2084 1089 ne
2102 1050 2193 1092 nostra

182 1104 337 1170 Quanquam
356 1114 382 1155 et
404 1104 440 1155 ihi
464 1106 593 1157 indicauit
615 1106 792 1156 remissionem
816 1104 969 1166 contingere
991 1117 1082 1169 posse,
1104 1117 1162 1153 cum
1211 1119 1294 1170 opera
1310 1119 1472 1169 opponamus
1489 1104 1548 1154 Deo
1567 1114 1689 1170 tanquam
1712 1108 1929 1171 propiciationem
1952 1116 1978 1156 et
2000 1111 2129 1172 precium,
2146 1111 2192 1160 ab·

181 1177 228 1236 ait,
246 1174 343 1223 redime
359 1182 477 1239 peccate.
514 1176 601 1238 Atque
617 1175 683 1224 haec
701 1174 840 1241 promissio
858 1172 1018 1223 remissionis
1040 1178 1161 1237 peecato-
1210 1176 1279 1225 iecto
1297 1173 1411 1224 Christo.
1448 1175 1513 1223 item
1531 1189 1564 1224 ne
1581 1174 1628 1224 liat
1644 1176 1744 1224 incerta
1760 1177 1878 1226 remissio
1896 1186 2077 1241 pcccatorum,
2100 1179 2125 1229 si
2144 1178 2191 1229 do·

179 1258 236 1292 rum
254 1257 316 1291 uere
333 1242 492 1308 Prophetica
508 1251 534 1292 et
550 1243 713 1307 Euangelica
728 1255 783 1290 uox
802 1249 854 1303 est,
872 1254 950 1304 quam
972 1248 1042 1288 certe
1064 1239 1161 1290 Daniel
1211 1250 1301 1295 ceatur
1316 1244 1429 1307 pendere
1447 1257 1478 1291 ex
1497 1244 1647 1293 conditione
1664 1252 1811 1293 nostrornm
1828 1259 1945 1310 opernm.
2187 1295 2201 1319 x

180 1311 286 1361 uolebat
311 1310 364 1360 lide
394 1313 486 1376 accipi.
526 1311 612 1361 Norat
638 1313 706 1361 enim
733 1308 831 1360 Daniel
857 1310 1010 1374 promissam
1035 1322 1091 1358 esse
1117 1321 1160 1356 re·
1279 1312 1385 1363 citetur
1407 1318 1433 1359 et
1456 1326 1488 1359 ex
1512 1311 1606 1361 Tobia.
1648 1312 1806 1378 Elemosyna
1829 1314 1862 1363 ah
1893 1313 1964 1363 omni
1992 1323 2102 1378 peccato
2127 1325 2191 1366 eta

179 1380 327 1430 missionem
348 1388 517 1445 peccatorum
540 1389 648 1446 propter
669 1380 785 1429 luterum
807 1391 912 1441 semen,
935 1377 1059 1427 uidelicet
1081 1377 1160 1428 chri·
1209 1387 1295 1432 morte
1311 1380 1412 1429 liberet.
1448 1379 1510 1430 Non
1523 1383 1549 1446 1)
1568 1381 1683 1430 dicemus
1699 1382 1869 1446 Hyperbolen
1887 1395 1959 1443 esse,
1982 1384 2030 1432 etsi
2051 1384 2091 1432 sic
2108 1385 2192 1450 accipi

180 1458 261 1509 anim,
277 1463 330 1497 non
349 1449 432 1499 solnm
448 1448 592 1510 Israelitis,
612 1450 756 1497 sedetiam
773 1446 893 1497 omnibns
918 1444 1047 1510 gentihus.
1084 1446 1159 1495 Alio·
1210 1450 1295 1510 debet,
1312 1463 1346 1498 ne
1365 1448 1485 1498 deuahat
1502 1449 1534 1496 de
1551 1450 1672 1500 lendibus
1691 1449 1798 1513 Christi,
1817 1451 1888 1500 ouius
1903 1453 2009 1515 propria
2023 1452 2191 1515 suntoflicia,

179 1518 225 1583 qni
240 1530 295 1566 non
312 1519 440 1580 potuisset
455 1515 524 1581 Regi
546 1519 664 1583 polliceri
686 1517 865 1567 remissionem
887 1524 1061 1578 peccaoomm.
1095 1513 1158 1564 Non
1209 1519 1321 1570 liberare
1338 1533 1355 1566 a
1371 1525 1479 1581 peccato
1498 1525 1524 1565 et
1547 1532 1564 1567 e
1580 1525 1674 1567 morte.
1709 1519 1763 1571 Sed
1787 1520 1970 1570 recurrendum
1993 1528 2032 1579 est
2054 1520 2089 1568 ad
2111 1535 2189 1583 regn·

179 1594 219 1635 est
236 1587 304 1634 enim
321 1585 448 1648 hominis,
465 1587 619 1651 praesertim
637 1586 665 1635 in
683 1585 827 1634 terroribus
849 1584 965 1648 peccati,
987 1590 1102 1633 statuere
1124 1583 1158 1632 de
1209 1590 1271 1647 iam,
1289 1586 1359 1651 qnod
1376 1586 1421 1635 lex
1437 1587 1495 1634 sine
1512 1585 1618 1637 Christo
1636 1602 1690 1637 non
1707 1589 1822 1653 prodest.
1859 1588 1966 1638 Placent
1989 1574 2070 1650 igliur
2093 1590 2189 1638 elemo-

177 1655 312 1703 noluntate
336 1653 389 1704 Dei
410 1656 467 1705 sine
485 1664 557 1704 certo
579 1656 660 1705 uerbo
685 1653 751 1717 Dei,
772 1655 844 1717 quod
861 1654 939 1702 irasci
962 1652 1071 1701 desinat
1105 1652 1158 1701 lta·
1209 1671 1288 1719 aynae
1305 1654 1380 1716 Deo,
1399 1669 1464 1717 quae
1482 1663 1622 1719 sequentem
1643 1658 1896 1718 reconciliationem,
1920 1671 1973 1706 uon
1995 1671 2063 1721 qnae
2084 1671 2190 1721 praece·

177 1727 228 1788 qne
247 1724 456 1786 compromissio
484 1731 611 1788 ponatur,
640 1724 704 1772 satis
727 1729 835 1788 apparet
857 1721 955 1785 requiri
978 1720 1072 1782 iidem,
1098 1720 1160 1784 qnia
1210 1725 1284 1774 dunt.
1320 1723 1409 1788 ltaque
1435 1724 1550 1774 liberant
1576 1739 1593 1775 a
1617 1735 1725 1788 peccato
1756 1732 1783 1774 et
1805 1740 1822 1775 e
1849 1733 1949 1788 morte,
1978 1739 2033 1774 non
2055 1739 2088 1774 ex
2111 1740 2191 1790 opere

178 1792 317 1857 promissio
336 1805 390 1840 non
407 1800 496 1856 potest
512 1792 597 1857 accipi
616 1793 666 1842 nisi
688 1791 750 1840 lide.
786 1789 816 1841 Si
836 1789 901 1839 haec
923 1789 988 1839 lides
1012 1803 1045 1837 ex
1068 1788 1158 1838 condi·
1210 1799 1329 1858 operato,
1348 1793 1394 1841 sed
1412 1793 1479 1841 sicut
1494 1794 1575 1857 paulo
1598 1799 1660 1842 ante
1683 1795 1716 1844 de
1740 1794 1905 1859 poenitencia
1918 1795 1945 1855 t)
1969 1794 2095 1855 cisimus,
2118 1796 2191 1859 quod

178 1861 251 1910 tione
270 1873 376 1925 opernm
397 1861 537 1924 penderet,
553 1863 655 1911 incerte
671 1867 740 1909 esset
760 1860 887 1910 remissio.
921 1857 987 1907 Ideo
1010 1858 1069 1907 talis
1093 1857 1159 1906 deles
1209 1861 1288 1912 fldem
1306 1875 1365 1910 cnm
1381 1860 1507 1910 fructibus
1524 1862 1661 1926 complecti
1683 1862 1835 1924 debeamus,
1859 1864 1897 1912 lta
1918 1863 1952 1912 de
1972 1863 2128 1927 elemosynis
2150 1865 2190 1912 iu·

178 1929 328 1991 requiritur,
346 1943 413 1993 quae
431 1930 541 1980 confidit
556 1929 737 1980 misericordia
754 1936 780 1976 et
801 1927 882 1977 uerbo
906 1926 972 1988 Dei,
994 1940 1049 1977 non
1074 1925 1158 1989 operi·
1211 1930 1350 1982 dicandum
1375 1937 1427 1992 est,
1450 1931 1520 1995 quod
1542 1932 1647 1995 placeat
1668 1930 1727 1981 Deo
1750 1931 1816 1981 fides
1839 1946 1896 1981 cum
1918 1930 2053 1982 frucfibns.
2089 1931 2189 1982 Tobiae

178 1996 226 2046 bns
244 1999 350 2047 nostris.
387 1996 465 2058 Quod
488 2007 575 2048 eutem
597 1999 676 2060 dicit,
699 1996 798 2047 redime
820 2002 930 2061 peccate
952 2009 999 2059 per
1021 1995 1159 2055 iusticiam,
1210 2001 1280 2050 enim
1298 2000 1466 2048 contionatur
1482 2014 1536 2048 non
1554 2007 1656 2049 tautum
1671 1999 1703 2048 de
1721 2000 1893 2064 elemosynis,
1911 2000 1958 2048 sed
1981 2002 2059 2050 mem
2077 2000 2111 2049 de
2127 1999 2188 2052 ilde.

178 2073 205 2114 et
221 2079 268 2131 per
285 2067 460 2130 elemosynas,
484 2067 553 2116 idem
577 2074 616 2116 est
639 2081 671 2116 ao
687 2066 709 2114 si
729 2066 841 2125 diceret,
864 2064 963 2113 redime
984 2072 1091 2129 peccata
1108 2077 1156 2130 per
1212 2067 1423 2131 omnitempore
1442 2067 1552 2118 benedic
1560 2067 1655 2130 Deum,
1674 2078 1701 2115 et
1717 2076 1776 2134 pete
1794 2068 1827 2119 ah
1846 2083 1878 2117 eo
1896 2074 1925 2118 ut
1942 2067 2104 2132 dirigatnias
2122 2076 2188 2122 tuas.

177 2135 386 2198 poenitenciam,
417 2136 480 2200 quia
505 2143 593 2185 reatus
622 2135 724 2186 tollitur
749 2148 797 2199 per
824 2134 1022 2199 poenitenciam.
1064 2132 1158 2197 Neque
1211 2137 1270 2187 Hoc
1292 2142 1379 2186 autem
1400 2137 1507 2199 proprie
1529 2144 1568 2187 est
1583 2137 1653 2187 illius
1671 2136 1733 2186 ridel
1758 2137 1790 2186 de
1807 2152 1860 2203 qna
1879 2136 2022 2200 loquimur,
2044 2150 2111 2201 quae
2131 2151 2190 2186 sen·

177 2203 240 2253 hino
253 2205 279 2268 0)
306 2204 513 2254 ratiocinandum
537 2213 589 2266 est,
616 2204 687 2267 quod
709 2203 830 2263 ignoscat
851 2200 924 2250 Deus
948 2208 1053 2266 propter
1076 2214 1157 2266 opere
1212 2206 1246 2254 tit
1262 2204 1349 2255 Deum
1366 2218 1422 2253 esse
1439 2206 1583 2269 propicium
1600 2212 1707 2269 propter
1723 2206 1804 2270 ipsius
1828 2204 2049 2267 misericordiam,
2072 2214 2099 2255 et
2123 2208 2190 2268 petit

177 2273 320 2336 sequentis,
337 2272 385 2321 sed
402 2273 516 2336 ignoscit
531 2280 640 2338 propter
655 2273 856 2338 promissionem
877 2270 919 2320 his
937 2271 982 2336 qui
1004 2270 1158 2336 promissio·
1211 2282 1241 2323 nt
1266 2280 1353 2323 sanet
1377 2281 1403 2322 et
1427 2273 1554 2335 gubernet
1578 2287 1636 2323 nos.
1670 2273 1716 2323 Ad
1742 2273 1806 2324 haec
1832 2274 1998 2323 concedimus
2025 2273 2188 2337 elemosynas

178 2353 239 2390 nem
255 2339 462 2405 apprehendunt.
1012 2394 1016 2401 ,
1212 2344 1306 2393 mereri
1322 2343 1403 2390 multa
1421 2340 1548 2393 hereticis
1563 2342 1630 2403 Dei,
1649 2349 1675 2391 et
1691 2342 1803 2393 liberare
1820 2358 1874 2392 non
1890 2343 2046 2406 apraesenti
2068 2351 2187 2405 peccato.

248 2405 415 2459 Ostendimus
432 2410 503 2460 clare
519 2411 547 2459 in
565 2409 686 2459 cendone
707 2407 827 2458 Denielit
844 2405 922 2457 fldem
943 2406 1055 2471 requiri,
1079 2419 1159 2470 (101110
1212 2412 1275 2463 Non
1292 2412 1362 2460 enim
1379 2412 1489 2459 uincent
1504 2413 1571 2461 iram
1593 2419 1620 2460 et
1642 2411 1767 2460 iudicium
1790 2410 1854 2473 Dei,
1877 2425 1926 2460 nec
1950 2410 2063 2459 reddunt
2083 2418 2189 2474 pacatas

179 2475 241 2529 hnic
257 2478 317 2527 loco
335 2479 456 2528 inlunem
472 2479 581 2540 innunt,
599 2479 643 2541 qui
660 2477 722 2526 inde
740 2478 938 2535 ratiocinantur,
949 2475 1021 2538 qnod
1038 2475 1158 2526 remissio
1213 2481 1393 2539 conscientias,
1410 2479 1458 2529 sed
1474 2479 1585 2530 liberare
1603 2494 1620 2530 a
1639 2480 1727 2529 lntnro
1751 2488 1871 2544 peccato,
1893 2478 1945 2529 hoc
1968 2487 2020 2539 est,
2044 2479 2137 2528 mereri
2161 2486 2190 2528 nt

178 2554 346 2611 peccatorum
373 2548 508 2610 contium
530 2553 634 2612 propter
661 2558 742 2610 opera
765 2554 871 2607 nosne,
897 2558 952 2594 uon
978 2542 1030 2593 dds
1052 2548 1160 2608 propter
1211 2548 1381 2599 delendamur
1400 2551 1427 2596 ln
1451 2549 1573 2612 periculis
1596 2556 1761 2613 peccatorum
1783 2557 1811 2597 et
1832 2549 1933 2598 mortis.
1968 2547 2042 2597 Haeo
2066 2553 2106 2596 est
2128 2549 2189 2598 sim·

179 2614 318 2666 Christum.
354 2614 568 2679 Philosophicum
585 2616 669 2665 estin
686 2615 810 2666 contione
826 2613 960 2674 Danielis,
984 2612 1049 2662 nihil
1072 2613 1158 2677 requi·
1211 2619 1273 2683 piex
1298 2619 1446 2677 sentencie,
1469 2617 1575 2681 reliquis
1592 2618 1726 2681 scripturis
1749 2617 1923 2666 consentiens.
1958 2614 2003 2666 Sic
2027 2616 2098 2665 enim
2120 2617 2189 2666 ecci·

178 2697 255 2744 rere,
276 2684 327 2732 nisi
348 2683 563 2734 adhortationem
586 2684 620 2734 de
640 2685 749 2749 imperio
771 2691 842 2733 recte
865 2682 992 2746 gerendo.
1027 2680 1159 2731 Pnsrissi·
1209 2687 1306 2753 pienda
1321 2693 1381 2735 sunt
1397 2687 1522 2748 preconia
1546 2700 1654 2749 operum
1678 2693 1705 2734 et
1729 2685 1807 2749 legis,
1831 2699 1866 2734 ne
1887 2683 2024 2735 detrahant
2048 2684 2081 2733 de
2103 2684 2190 2748 gioria

179 2767 238 2801 oum
262 2759 302 2801 est
317 2750 458 2816 affingere,
482 2754 553 2817 qnod
574 2760 680 2819 propter
703 2767 767 2817 opus
789 2751 856 2801 illnd
880 2751 1017 2815 contingat
1037 2750 1158 2800 remissio
1211 2753 1310 2806 Christi
1328 2761 1353 2802 et
1370 2754 1519 2819 Euangelij.
1971 2784 1977 2806 .

179 2827 354 2886 peccatorum.
390 2819 445 2871 Sed
462 2821 500 2871 lta
517 2821 561 2884 iit,
579 2835 660 2886 opere
675 2821 830 2872 naturaiiter
851 2821 988 2870 incurrunt
1010 2818 1158 2869 hominibus
1277 2823 1392 2873 Iactatur
1408 2830 1435 2870 et
1452 2821 1548 2871 dictum
1570 2820 1669 2872 Christi
1691 2822 1760 2886 apud
1777 2821 1890 2883 Lucam,
1912 2820 1981 2871 Dete
2004 2820 2189 2884 elemosynam,

179 2890 209 2938 in
226 2888 331 2950 oculos,
350 2889 412 2952 quia
432 2890 511 2939 fidam
535 2904 585 2940 nee
606 2890 743 2953 intelligit,
764 2903 851 2955 neque
874 2888 1023 2938 considerat
1044 2886 1159 2937 hnmana
1210 2898 1237 2942 et
1253 2905 1314 2941 eece
1330 2892 1419 2940 omnia
1435 2891 1532 2939 munda
1552 2898 1612 2940 sunt
1633 2890 1718 2940 nohis.
1753 2890 1836 2940 Plane
1858 2889 1931 2939 snrdi
1951 2894 2013 2938 sunt
2033 2887 2188 2953 aduersarii.

178 2959 257 3008 rado.
290 2957 355 3007 Ideo
373 2960 487 3008 somniet
503 2973 584 3022 opera
600 2959 648 3008 ille
664 2960 758 3008 mereri
780 2959 959 3008 remissionem
983 2964 1157 3021 peccatorum·
1209 2959 1299 3011 Toties
1316 2960 1370 3009 iam
1387 2958 1487 3008 dietum
1505 2966 1559 3021 est,
1581 2958 1668 3022 legem
1685 2960 1744 3009 sine
1761 2958 1867 3010 Christo
1889 2972 1944 3007 non
1965 2959 2106 3022 prodesse,
2128 2971 2189 3021 pro·

177 3027 252 3078 Haeo
270 3029 359 3091 opinio
376 3027 531 3077 neutraliter
547 3028 621 3077 heret
637 3028 666 3076 in
684 3027 778 3077 animis
794 3026 943 3088 hominurn,
964 3039 1049 3092 neque
1072 3024 1159 3074 uenti
1210 3038 1270 3094 pter
1286 3041 1361 3093 quem
1378 3028 1482 3092 placent
1497 3029 1568 3077 hona
1584 3041 1672 3091 opera.
1698 3026 1753 3078 Sed
1771 3028 1811 3077 ilii
1828 3026 1933 3091 ubique,
1951 3025 2056 3075 excluso
2074 3023 2189 3087 Christo,

178 3102 275 3160 potest,
293 3096 344 3144 nisi
362 3110 420 3145 snm
438 3096 563 3146 diuinitus
582 3095 714 3147 doeemur.
747 3095 802 3146 Sed
818 3108 943 3144 munnere
965 3107 1014 3143 nne
1036 3093 1158 3144 debemus
1211 3098 1307 3149 docent
1323 3098 1417 3146 mereri
1433 3095 1642 3147 instillationem
1659 3110 1707 3162 per
1724 3110 1806 3161 opera
1821 3096 1896 3159 legis.
1926 3095 1979 3144 iiic
1996 3093 2069 3143 locus
2086 3094 2191 3157 integer

178 3164 213 3214 ab
229 3165 280 3214 hac
298 3164 395 3215 cunali
411 3166 537 3229 opinione
553 3164 589 3214 ad
605 3163 777 3227 Euangeiinm
795 3170 822 3212 et
843 3163 1042 3229 promissionem
1059 3162 1160 3212 miseri·
1211 3167 1343 3232 prolatus,
1361 3166 1482 3215 ostendet
1493 3166 1520 3231 t]
1544 3172 1572 3215 et
1592 3165 1670 3214 hdem
1694 3165 1799 3229 requiri.
1835 3163 1954 3216 Christus
1977 3162 2045 3213 enim
2067 3163 2191 3225 obiurgat

178 3233 300 3295 cordiae,
325 3232 354 3283 iu
382 3247 434 3298 qua
455 3235 537 3297 gratis
560 3231 697 3282 exhibetur
718 3232 835 3282 remissio
856 3238 1023 3296 peccatorum
1052 3236 1160 3296 propter
1210 3235 1348 3287 thdseos
1365 3234 1505 3284 sentientes
1522 3246 1551 3284 se
1568 3248 1655 3283 eorem
1663 3233 1724 3283 Deo
1732 3229 2190 3295 munderihooestiustidcaricre·

179 3300 319 3353 Christum.
354 3300 397 3352 Ιιι
412 3303 440 3351 in
459 3303 579 3353 omnihus
596 3301 664 3350 loeis
681 3300 715 3349 de
732 3301 899 3364 poenitencia
915 3298 981 3350 ddes
1002 3300 1160 3365 requirenda
1211 3304 1265 3355 bris
1281 3302 1465 3365 ablutionibus,
1482 3302 1551 3351 slent
1566 3302 1747 3366 Paps,nesoio
1765 3301 1832 3368 quis,
1843 3301 1876 3351 ds
1892 3313 1962 3365 aqua
1977 3300 2033 3349 ssle
2049 3313 2191 3364 conspersa
2241 3332 2246 3345 .

179 3376 228 3421 est.
259 3369 366 3422 Summe
383 3371 452 3420 enim
469 3370 626 3421 contumelia
642 3374 681 3419 est
698 3370 726 3419 in
743 3367 884 3431 Christum,
902 3369 1082 3419 remissionem
1098 3382 1160 3433 peo-
1212 3375 1305 3437 inquit,
1324 3373 1394 3436 quod
1411 3373 1536 3437 populum
1552 3371 1699 3422 auctificat
1715 3385 1747 3420 so
1763 3371 1878 3421 mundet
1908 3370 1945 3418 Et
1961 3369 2037 3433 glosa
2053 3369 2100 3429 ait,
2119 3366 2190 3430 quod

178 3445 295 3490 selorum
311 3440 370 3488 sins
386 3439 494 3489 Christo
511 3452 647 3503 quaerere·
1211 3442 1320 3492 mundet
1343 3456 1360 3491 ι
1386 3440 1541 3490 nenialihus.
1583 3439 1662 3490 Tales
1689 3447 1764 3490 erant
1787 3445 1814 3488 et
1834 3438 2018 3488 Phariseorum
2044 3436 2191 3501 opiniones,

244 3505 361 3567 0111110111
378 3505 1161 3573 ὶ111οφῐθ111111111ὓ1111101010001001110101οΡ00000,0οω
1211 3526 1277 3578 quas
1294 3510 1463 3575 reprehendit
1478 3507 1606 3570 chrisma,
1624 3516 1651 3558 et
1667 3508 1778 3573 opponit
1794 3507 1854 3556 hnic
1872 3507 1948 3555 lictae
1970 3505 2120 3569 purgationi
2142 3503 2190 3553 du·

178 3577 225 3627 eit
259 3574 371 3627 Redime
392 3583 501 3642 peccata
523 3576 687 3640 elemosynis.
721 3573 765 3625 Ite
787 3574 854 3625 nihil
876 3581 970 3625 mnne
992 3587 1042 3624 uos
1063 3573 1161 3625 aceres
1211 3581 1305 3646 plicam
1323 3580 1489 3639 praeissem,
1506 3577 1625 3627 aterum
1642 3577 1781 3637 incernam,
1797 3574 1917 3624 Alteram
1933 3580 2076 3623 externam.
2112 3572 2190 3621 ruber
2293 3606 2296 3611 .

178 3641 284 3695 Daniel.
325 3643 383 3694 Etsi
410 3644 517 3695 dubium
544 3659 599 3695 non
627 3651 681 3705 est,
709 3644 771 3709 quin
796 3643 919 3708 loquetur
945 3643 978 3694 de
1006 3643 1161 3693 remissione
1212 3657 1241 3698 ut
1256 3650 1326 3698 intus
1344 3648 1508 3696 mundentur.
1542 3645 1580 3694 iis
1597 3643 1673 3693 addit
1690 3644 1723 3693 de
1740 3643 1871 3692 munditie
1894 3649 2010 3692 externa
2045 3639 2115 3690 Date
2137 3641 2189 3690 ele·

179 3714 281 3777 wlpee·
316 3712 424 3763 11100111
440 3714 509 3763 euim
526 3714 659 3778 quetritnr
676 3713 795 3762 remissio
811 3726 928 3777 menae,
949 3713 1000 3762 11101
1023 3713 1095 3777 prins
1114 3725 1161 3762 ⁰01
1212 3731 1346 3782 mosynam
1364 3716 1396 3765 de
1415 3730 1446 3764 eo
1465 3713 1536 3776 quod
1554 3716 1686 3777 superest,
1710 3719 1737 3759 et
1753 3712 1792 3759 sic
1810 3711 1898 3760 omnia
1922 3717 1997 3759 erunt
2017 3710 2094 3759 nohis
2117 3723 2190 3759 mun·

179 3780 452 3846 apprehendentem
469 3782 647 3831 remissionem
669 3781 769 3845 culpae.
805 3779 883 3841 Quod
908 3782 931 3829 si
952 3780 993 3831 illl
1015 3781 1161 3831 concedent
1213 3787 1256 3836 ds.
1286 3784 1439 3849 Aduersarij
1458 3795 1512 3830 non
1529 3788 1598 3829 recte
1621 3778 1819 3828 accommodant
1835 3779 1989 3844 particulam
2006 3779 2190 3828 uniuersetem.

180 3850 359 3899 remissionem
377 3850 469 3912 cnlpae
488 3850 570 3912 gratis
589 3848 744 3911 contingere
761 3861 807 3913 per
824 3848 917 3910 iidem,
939 3862 989 3898 nos
1012 3858 1106 3914 poetes
1121 3849 1160 3899 ie·
1213 3854 1334 3905 Christus
1353 3853 1421 3903 enim
1439 3850 1513 3901 addit
1528 3849 1597 3898 hauc
1614 3848 1810 3898 conclusionem
1827 3848 1931 3911 utrique
1954 3847 2078 3897 membro.
2116 3847 2191 3895 Tune

180 3917 231 3967 oile
247 3918 391 3981 largiemur
406 3931 505 3982 poenas
523 3917 616 3980 quibus
640 3917 816 3979 castigamur,
838 3917 953 3979 mitigari
975 3916 1051 3966 honis
1074 3916 1160 3981 operi·
1212 3924 1302 3972 omnia
1318 3928 1394 3970 amnt
1410 3919 1515 3978 munda,
1532 3916 1671 3978 uidelicet,
1688 3917 1711 3966 si
1728 3918 1798 3967 intus
1817 3917 1889 3965 eritis
1906 3915 1997 3966 mundi
2015 3923 2042 3965 et
2057 3914 2122 3965 ioris
2140 3915 2192 3964 eie·

181 3985 238 4047 hus,
256 3994 283 4035 et
299 3992 357 4034 tote
373 3986 555 4051 poenitencia,
578 3987 653 4035 iuxta
669 3985 748 4045 illud,
770 3982 800 4036 Si
822 3998 871 4034 nos
893 3983 1083 4047 indicaremus,
1107 3999 1160 4034 non
1212 4005 1346 4056 mosyuam
1372 3988 1504 4038 dederitis.
1544 3984 1684 4050 Significat
1709 3987 1779 4035 enim
1805 3987 1877 4048 quod
1906 3993 2015 4034 externa
2045 3984 2192 4033 mundicias

179 4054 353 4104 1111011011111
368 4069 386 4104 11
400 4053 526 4105 ΠΟΝῘΠΟ·
562 4055 597 4104 Ei
613 4053 706 4104 Imm·
727 4052 768 4103 1⁶·
786 4050 816 4104 31
834 4066 974 4103 0011111111
992 4051 1081 4115 fimi
1099 4066 1160 4102 0011·
1212 4060 1368 4111 collocanda
1385 4060 1419 4107 sit
1435 4058 1462 4106 in
1481 4055 1604 4119 operibus
1621 4070 1638 4104 a
1655 4053 1714 4104 Deo
1731 4055 1894 4119 praeceptis,
1918 4068 1970 4103 non
1990 4054 2018 4102 in
2041 4052 2190 4103 traditioni·

180 4131 281 4174 1101111111
297 4132 332 4174 te.
368 4121 515 4174 ΕΖ12110110·
536 4122 770 4175 100111101ῒὶ11ῡὶ
792 4121 827 4171 111
851 4135 902 4182 1110»
926 4128 954 4169 ⁰²
975 4135 1025 4186 ⁶80
1051 4134 1160 4171 00111111·
1213 4130 1260 4179 bus
1277 4129 1410 4187 hamanis,
1433 4132 1462 4174 ut
1479 4133 1541 4173 tuno
1559 4131 1634 4174 erant
1650 4123 1712 4175 illae
1729 4123 1890 4185 ablutiones,
1913 4129 1939 4172 et
1956 4136 2026 4171 nuno
2047 4129 2088 4169 est
2106 4121 2192 4184 quoti·

180 4197 222 4243 tar
239 4192 274 4242 ad
291 4206 347 4243 uos.
365 4191 402 4241 nt
418 4191 514 4243 Psalm.
533 4191 576 4243 49.
593 4191 692 4241 Inuoca
708 4191 794 4241 mein
812 4190 855 4240 die
872 4189 1056 4241 tribulationis.
1212 4199 1292 4248 diana
1307 4198 1421 4262 aspersio
1440 4206 1533 4256 aquae,
1550 4194 1661 4242 uestitus
1679 4191 1881 4253 nonachorum,
1899 4190 2048 4240 discrimina
2067 4189 2192 4250 ciborum,

249 4259 296 4313 Sis
312 4260 480 4311 indicendum
499 4267 539 4310 001
556 4268 582 4310 et
595 4260 623 4325 11)
642 4260 674 4310 de
692 4259 743 4309 1100
758 4259 829 4321 1000,
848 4257 984 4310 limittit·
1002 4259 1160 4311 0110011110·
1212 4274 1239 4317 et
1256 4267 1355 4315 slmlles
1373 4276 1492 4329 pompae.
1526 4258 1582 4312 Sed
1604 4261 1747 4327 aduersarii
1771 4265 1938 4324 corrumpunt
1960 4259 2118 4307 sentenciam
2141 4256 2191 4307 So-

180 4336 223 4379 tur
239 4329 323 4381 uobis.
358 4328 407 4378 list
423 4330 493 4379 enim
510 4343 578 4393 pene
595 4329 686 4380 similis
703 4329 797 4379 concio
819 4328 852 4379 de
874 4328 1047 4393 poenitencia.
1082 4326 1161 4378 Prior
1212 4335 1320 4400 pumice
1337 4333 1462 4383 nemim
1482 4330 1611 4395 particula
1633 4329 1773 4379 uniuersali
1797 4329 1831 4379 ad
1853 4342 1932 4378 unam
1955 4334 2071 4392 partem,
2096 4324 2193 4376 Omnia

180 4399 309 4464 particula
332 4398 441 4461 requirit
464 4399 535 4448 bons
560 4411 655 4463 opera,
684 4396 821 4448 Posterior
845 4397 920 4447 addit
950 4398 1159 4461 promissionem.
1212 4412 1290 4454 erunt
1305 4403 1412 4464 munda,
1429 4400 1495 4450 datis
1512 4399 1678 4461 elemosynis,
1696 4405 1725 4447 ut
1741 4398 1766 4448 si
1784 4399 1841 4462 quis
1858 4397 2036 4446 ratiocinetur.
2070 4395 2192 4445 Andrees

180 4467 273 4533 Neque
300 4472 341 4517 est
365 4467 589 4529 ratiocinandum,
614 4466 687 4530 qnod
712 4475 805 4516 nostra
833 4466 993 4516 condonatio
1020 4480 1055 4515 ex
1081 4478 1161 4531 opere
1212 4473 1294 4534 adase,
1326 4474 1406 4536 igitur
1435 4482 1525 4519 amnes
1552 4467 1671 4532 Apostoli
1705 4466 1809 4516 adsum.
1854 4462 1940 4524 Quare
1966 4465 1995 4525 in
2022 4462 2192 4514 antecedente

180 4544 290 4600 operato
311 4543 442 4585 mersatur
463 4537 540 4587 nohis
567 4536 663 4586 remitti
687 4541 803 4598 peccata.
838 4534 901 4585 Nou
927 4535 996 4584 enim
1021 4534 1085 4585 dicit
1109 4532 1159 4583 hoe
1212 4550 1348 4606 nmque
1366 4539 1508 4590 membrum
1525 4537 1648 4599 coniungi
1666 4535 1751 4596 debet,
1769 4533 1881 4593 credite,
1899 4540 1926 4583 et
1943 4533 2003 4582 dete
2020 4532 2192 4595 elemosynas,

180 4603 309 4654 0111101110·
342 4603 397 4655 8011
414 4605 553 4671 110111111ίέ0
577 4606 744 4654 0001111110οἥ0
766 4605 885 4655 8111100111
906 4600 1025 4654 elilim
1047 4603 1159 4669 111011110-
1211 4612 1254 4662 Ιιι
1271 4613 1361 4662 omnia
1377 4614 1455 4659 erunt
1470 4605 1577 4656 munda.
1612 4603 1748 4669 Scriptura
1765 4603 1835 4653 enim
1858 4602 1922 4653 stibi
1940 4602 2006 4651 dicit
2029 4601 2082 4650 lide
2103 4597 2191 4664 perid·

179 4673 280 4722 sionem
297 4673 456 4723 remissionis
480 4680 661 4739 peccatorum,
683 4675 721 4722 ita
742 4674 859 4723 anuecn't
881 4678 908 4721 et
930 4672 1005 4721 honis
1028 4671 1178 4738 operibus.¹
1213 4683 1266 4731 wi
1284 4681 1374 4732 eorda.
1410 4674 1529 4737 Quodsi
1552 4674 1632 4723 corda
1653 4675 1707 4724 siut
1730 4672 1870 4733 mundata,
1894 4679 1921 4721 et
1943 4669 2037 4720 deiude
2061 4667 2124 4718 ioris
2148 4681 2192 4723 ee·

180 4741 217 4791 Et
231 4742 298 4791 dcet
316 4741 344 4791 in
361 4755 445 4792 coena
461 4741 569 4792 Domini
586 4757 641 4793 non
659 4743 841 4806 consequimur
863 4740 1044 4791 remissionem
1066 4754 1160 4807 pecca·
1213 4750 1308 4801 esame
1323 4749 1497 4810 elemosynae,
1513 4741 1565 4792 hoc
1589 4749 1636 4804 est,
1660 4754 1741 4807 opera
1764 4741 1881 4791 caritatis
1905 4739 1989 4788 omnis
2011 4738 2130 4802 genens,
2152 4736 2193 4786 ire

181 4818 268 4860 10111111
294 4810 352 4859 11110
378 4807 431 4859 11110
454 4824 488 4859 0¹
513 4824 593 4875 ⁰1>m
619 4816 739 4873 01101810·
772 4809 814 4861 1¹⁸
839 4821 924 4875 11011110
947 4808 1048 4860 1111100
1070 4823 1158 4875 opere,
1213 4820 1263 4868 toti
1280 4826 1355 4868 erunt
1371 4814 1470 4874 mundi,
1486 4811 1538 4862 hoo
1555 4816 1608 4873 est,
1626 4825 1680 4861 non
1697 4809 1781 4860 solum
1798 4809 1877 4871 intus,
1894 4808 1941 4858 sed
1957 4807 2022 4858 ioris
2040 4807 2125 4858 etism.
2150 4805 2195 4853 Ao

180 4878 237 4929 imo
254 4885 344 4928 nosne
361 4878 520 4929 condonatio
538 4894 593 4930 non
611 4886 651 4929 est
668 4878 766 4929 bonnm
783 4893 863 4943 opns,
886 4879 938 4929 nisi
961 4892 1019 4927 enm
1039 4877 1069 4928 lit
1084 4893 1103 4930 ι
1117 4892 1159 4929 re·
1480 4924 1482 4929 .

181 4946 337 4998 oonessiatis.
372 4944 438 4999 Ideo
455 4955 546 5000 nostra
568 4948 743 5011 condonatio,
766 4961 832 5013 quae
854 4947 959 5012 quidem
981 4947 1068 5013 placet
1092 4948 1161 5009 Deo,

87 5160 91 5179 .
1232 5120 1262 5186 e)
1279 5117 1353 5190 Non]
1369 5121 1420 5172 Ed.
1438 5121 1477 5171 da
1494 5118 1551 5171 ilos
1791 5148 1795 5155 ·

200 5202 389 5271 o)hiuc]1id.
407 5203 510 5257 hahis
1233 5206 1262 5272 f)
1280 5206 1458 5271 poenitencia]
1474 5204 1524 5256 its.
1543 5207 1569 5256 l.
1587 5209 1640 5271 ιη.
1659 5216 1726 5254 erat
1742 5204 1893 5268 poenitente

200 5288 234 5356 d)
251 5288 289 5356 etl
305 5291 334 5341 e'a
349 5290 400 5341 lid.
419 5289 445 5341 ³.
463 5289 538 5343 desa.
1233 5292 1266 5358 ς)
1283 5290 1414 5361 ostendet]
1433 5292 1483 5345 lid.
1502 5293 1539 5345 le
1556 5288 1671 5341 οιιιιᾱίι

1931 5381 1986 5437 8⁸0

2228 1406 2241 1449 i,
