4786 6210
184 387 253 456 443
641 379 755 449 Pffll..
777 383 881 451 trah.
903 381 1091 451 SClilP'lA
1111 381 1380 453 DOGMA'l'lCA
1400 384 1458 454 ΕΤ
1478 382 1751 457 SYMBOLlCA.
2136 384 2206 456 Ail

273 571 400 642 Paulus
426 536 461 639 in
481 570 632 658 Epistola
657 573 701 638 ad
730 571 900 676 Romanos
926 572 1105 676 praecipue
1119 571 1168 675 'de
1305 573 1361 638 Ad
1388 571 1513 722 Ephes.
1537 574 1570 656 ij.
1627 574 1743 679 Gratia
1775 577 1862 642 enlm
1890 575 2011 643 saluati
2025 580 2118 644 estis
2137 597 2204 664 per

184 659 353 729 hocloco
376 661 540 744 disputat,
567 670 600 723 et
622 670 793 743 proponit,
816 659 906 743 quod
949 668 1030 722 ratrs
1051 656 1195 724 rustrlie,
1219 656 1336 728 fidem.
1364 671 1399 723 et
1444 679 1486 723 oo
1506 680 1575 725 non
1597 680 1639 726 ex
1657 664 1775 738 vobis,
1798 661 1862 728 Dei
1883 663 1970 729 enim
1992 665 2114 730 donum
2135 674 2204 745 ost,

187 764 300 814 oemur
326 745 412 824 lide,
441 746 615 814 credentes
646 745 745 809 nobis
767 744 876 809 Deum
902 766 924 827 p
959 755 1069 809 catum
1091 761 1167 826 pro·
1218 763 1349 809 non-„ex
1371 746 1541 826 operibus,
1564 747 1703 830 nequis
1725 745 1897 832 glorietur.

47 905 51 916 Ι
187 843 262 919 pter
284 830 461 897 Christum.
505 829 548 893 lit
575 830 662 894 hanc
688 830 947 914 propositionem
975 829 1082 912 capite
1103 839 1167 892 ter-
1302 826 1460 895 lobannis
1481 830 1599 915 primo.
1615 835 1668 911 θ4)
1701 832 1803 898 Dedit
1824 835 1876 899 eis
1895 842 2094 918 potestatem
2109 833 2204 903 ribos

187 919 257 997 tio,
284 936 371 1004 quae
402 927 523 980 statum
545 916 723 979 vniuersaa
752 913 984 998 disputationis
1007 914 1166 989 continet,
1217 911 1282 978 Dei
1304 914 1388 986 fieri,
1410 914 1463 980 his
1485 917 1542 1000 qui
1564 918 1703 982 credunt
1724 920 1759 982 in
1783 921 1915 985 nornine
1937 920 2029 998 eins,
2051 922 2108 1006 qui
2129 942 2203 988 non

185 1003 298 1068 tradit.
353 1003 562 1066 Arbitrantur
590 999 755 1064 horninern
789 997 855 1064 lide
887 998 1069 1073 iustificari,
1097 1018 1166 1062 non
1218 1001 1520 1086 exsanguinibus,
1548 1023 1657 1087 neque
1678 1023 1721 1068 ex
1739 1002 1912 1070 voluntate
1933 1007 2062 1090 earnis,
2088 1027 2206 1094 neque

187 1089 416 1172 exoperibus
449 1085 546 1170 legis.
598 1085 661 1149 llic
692 1086 878 1168 aduersarii
907 1085 1166 1168 interpretantur
1218 1104 1260 1148 ex
1282 1082 1453 1151 voluntate
1474 1087 1548 1164 viri,
1569 1089 1631 1153 sed
1648 1109 1691 1153 ex
1714 1089 1788 1154 Deo
1810 1092 1879 1154 nati
1899 1104 1989 1157 sunt.

188 1175 395 1240 ceremonias
424 1172 602 1236 Leuiticas.
652 1169 699 1235 At
725 1168 850 1236 Paulus
878 1191 945 1235 non
974 1181 1101 1235 tantum
1122 1169 1165 1234 de
1303 1167 1458 1236 lobannis
1475 1172 1521 1257 iij.
1577 1170 1807 1240 Sicutllloises
1830 1175 1989 1243 exultauit
2009 1189 2202 1261 serpentem

187 1260 386 1412 iiiiii
404 1254 597 1408 bilds.
617 1258 678 1406 {fd
699 1259 774 1407 rii.
787 1252 1015 1407 tibist..
1031 1251 1166 1404 Alit
1216 1255 1414 1406 lidii?
1419 1255 1828 1410 sli.⁶.'.‘.⁸l¹¹5..1’l.⁰tt⁶‘
1843 1259 1953 1412 llis
1972 1262 2135 1343 ¹¹⁰¹¹¹¹¹“⁸'
2162 1276 2204 1330 '‘

186 1451 290 1581 cu
305 1426 448 1578 nit
465 1362 676 1577 crit
693 1361 1166 1577 nicosinum
1418 1366 1842 1581 copiosi
1855 1450 1953 1582 p.
1973 1435 2009 1499 ¹¹¹

184 1536 218 1667 gt
241 1534 476 1686 ppplpfiscplpprp,
499 1557 535 1662 el
554 1534 912 1676 tuererlllrtnrlnlniapllla,
933 1617 1019 1684 quae
1040 1554 1166 1661 Paulutl
1217 1597 1336 1680 ipsum.
1382 1596 1446 1671 Qui
1467 1535 1627 1664 crellll’in
1644 1534 1735 1684 tum,
1757 1536 2040 1670 „pnppdipatmupn
2064 1539 2105 1585 us
2137 1539 2204 1605 per

186 1688 229 1752 de
251 1686 471 1771 promissione
498 1681 653 1769 loquitur.
696 1682 788 1749 lllale
816 1685 914 1748 etiarn
937 1683 1099 1748 scriberet
1120 1680 1166 1745 ad
1303 1682 1447 1749 Actuurn
1474 1683 1544 1769 xiij.
1589 1684 1711 1750 Notum
1733 1688 1834 1771 igitur
1854 1689 1899 1752 sit
1919 1692 2019 1756 vobis
2040 1691 2103 1755 viri
2130 1686 2199 1756 fra·

184 1770 369 1858 Ephesios,
391 1771 496 1857 gratis
518 1789 582 1833 nos
603 1768 756 1836 saluatus
778 1789 872 1849 esse,
901 1780 935 1833 et
956 1768 1078 1833 donum
1102 1766 1165 1830 Dei
1187 1768 1196 1874 ΙΙ
1217 1778 1304 1845 tras,
1337 1769 1428 1853 quod
1459 1790 1519 1853 per
1550 1768 1640 1836 hunc
1671 1773 1771 1838 vohis
1798 1773 1951 1839 remissio
1981 1786 2201 1860 pennatorum

185 1877 275 1936 esse,
297 1877 365 1922 non
388 1877 432 1921 ex
452 1855 620 1938 operibus.
661 1854 741 1923 ltem
765 1853 889 1921 Paulus
910 1851 1037 1938 allegat
1058 1852 1165 1918 Abra·
1217 1855 1448 1933 annunciatur,
1469 1866 1504 1919 et
1524 1857 1567 1921 ab
1590 1858 1743 1923 omnihus
1760 1861 1881 1943 quibus
1903 1880 1971 1927 non
1987 1862 2141 1945 potuistis
2162 1863 2201 1927 in

185 1942 280 2021 ham,
309 1940 435 2027 allegat
456 1941 634 2020 Dandum,
654 1952 689 2006 at
710 1940 745 2004 hi
768 1942 810 2006 de
834 1940 1086 2004 circumcisione
1106 1938 1166 2003 ha·
1216 1935 1295 2026 lege
1315 1938 1499 2018 iustificari,
1520 1941 1554 2005 ln
1574 1938 1642 2006 hoc
1664 1945 1771 2008 omnis
1818 1945 1851 2009 ui
1873 1947 1979 2012 credit
1989 1946 2201 2012 iustihcatur.

185 2030 329 2096 buerrmt
358 2029 548 2092 mandatum
575 2025 651 2091 Dei.
702 2026 815 2110 ltaque
843 2028 872 2089 si
901 2022 972 2089 vlla
993 2043 1096 2110 opera
1121 2025 1166 2090 in·
1218 2021 1393 2096 Quomodo
1425 2027 1531 2110 potuit
1562 2026 1686 2092 clarius
1715 2031 1757 2094 de
1786 2050 1807 2094 o
1847 2031 1899 2095 cio
1931 2029 2070 2110 Christi,
2099 2033 2201 2098 etde

183 2113 395 2192 stificabant,
417 2131 561 2178 neccsse
582 2122 654 2175 erat
676 2109 732 2175 illa
754 2132 857 2196 opera
880 2124 958 2176 tuno
981 2130 1056 2176 euru
1077 2128 1164 2173 man·
1216 2109 1448 2175 iustificatione
1480 2111 1568 2176 dicii
1628 2111 1700 2178 Lex
1740 2116 1844 2200 inquit
1882 2137 1950 2181 non
1983 2117 2201 2198 laetificabat,

185 2200 297 2265 datum
319 2199 493 2276 haberent,
516 2198 612 2261 etiam
635 2197 847 2275 iustihcasse,
868 2200 929 2261 sed
951 2206 1044 2261 recte
1066 2196 1165 2259 docet
1216 2192 1295 2260 ldeo
1318 2195 1601 2263 Christussdatus
1623 2210 1693 2277 est,
1717 2211 1753 2264 vt
1776 2202 1951 2266 credamus
1974 2223 2037 2268 nos
2058 2213 2202 2287 propter

184 2288 392 2372 Augustinus
419 2280 557 2347 Paulum
588 2283 629 2347 da
659 2294 728 2347 tota
749 2281 827 2369 lege
847 2280 957 2367 loqui,
980 2282 1066 2345 sicut
1088 2300 1164 2364 pro·
1216 2281 1517 2366 ipsumiustilieari.
1541 2282 1669 2367 Aperte
1679 2285 1824 2350 detrahit
1840 2284 1908 2373 legi
1917 2288 2202 2369 iustificationem,

184 2370 253 2437 lixe
275 2373 420 2455 disputat
443 2371 484 2433 de
502 2367 620 2451 spiritu
641 2383 675 2433 et
695 2367 810 2447 litera,
839 2370 895 2433 vbi
916 2377 1086 2451 postremo
1106 2366 1164 2429 ait.
1216 2365 1307 2453 Ergo
1328 2380 1465 2452 propter
1487 2367 1657 2448 Christum
1686 2371 1763 2435 iusti
1790 2386 1998 2457 reputamur,
2025 2393 2099 2439 cunr
2124 2393 2201 2440 cre-

184 2457 246 2522 llis
279 2458 377 2520 iitur
407 2454 625 2519 consideratis
663 2454 840 2538 pertractis
864 2474 906 2518 ue
942 2474 1003 2537 pro
1036 2451 1164 2516 viribus
1215 2454 1323 2518 dimus
1344 2454 1442 2519 nobis
1464 2453 1572 2519 Deum
1616 2451 1759 2521 locatum
1781 2475 1861 2523 esse
1882 2470 2019 2543 propter
2039 2460 2159 2544 ipsum.

185 2562 269 2628 quas
328 2541 456 2605 ominus
478 2540 604 2620 donare
627 2539 792 2624 dignatur,
815 2559 855 2604 co
884 2539 1004 2626 igimus
1025 2557 1094 2602 nou
1115 2537 1163 2601 iu·
1301 2537 1447 2603 Actuma
1465 2539 1524 2624 hij.
1609 2541 1643 2605 ic
1663 2554 1716 2606 est
1737 2539 1824 2625 lapis
1845 2544 1901 2628 qui
1922 2546 2125 2627 reprobatus
2144 2555 2201 2612 est

184 2629 327 2694 stifioari
357 2624 520 2690 hominem
550 2624 738 2709 praeceptis
760 2627 869 2689 bonae
891 2627 998 2702 vitae,
1019 2622 1083 2688 nisi
1103 2640 1164 2708 per
1216 2644 1238 2688 a
1258 2624 1355 2689 vobis
1377 2622 1646 2698 aedificantibus,
1673 2628 1731 2712 qni
1751 2624 1862 2695 iaetus
1888 2630 1996 2695 estin
2018 2640 2119 2713 caput
2140 2649 2200 2695 an·

185 2713 284 2779 lidern
307 2713 385 2778 lesu
407 2711 542 2776 Christi.
939 2758 952 2782 ,
1216 2705 1297 2795 guli,
1320 2706 1363 2772 Et
1385 2729 1453 2773 non
1475 2722 1526 2774 est
1543 2712 1577 2775 in
1599 2708 1711 2797 aliquo
1729 2711 1796 2777 alio
1822 2710 1926 2779 salus.
1972 2713 2090 2800 Neque
2111 2717 2202 2783 enin

271 2798 313 2863 Et
334 2817 377 2863 ne
398 2809 552 2882 putemus
574 2805 699 2860 temere
721 2796 888 2861 excidisse
905 2791 1010 2858 Panlo
1032 2804 1164 2859 senten·
1215 2792 1306 2860 aliud
1327 2813 1450 2859 nomen
1482 2809 1536 2861 ost
1566 2799 1629 2862 sub
1663 2795 1760 2864 coelo
1789 2799 1901 2864 datum
1926 2796 2137 2880 hominibus,
2163 2803 2201 2866 in

183 2886 281 2963 ciam,
303 2883 392 2971 quod
415 2883 500 2948 fides
527 2882 695 2960 iustificat,
716 2877 819 2966 longa
839 2881 1072 2964 disputacione
1095 2901 1165 2946 mu·
1216 2901 1283 2964 quo
1306 2892 1458 2965 oporteat
1480 2900 1544 2945 nos
1566 2880 1681 2947 saluos
1698 2881 1782 2948 lieri.
1824 2884 1954 2951 llomen
1975 2896 2087 2951 autem
2104 2885 2203 2952 Chri·

183 2973 232 3037 nit
253 2982 285 3036 et
307 2968 480 3036 confirmat
502 2988 575 3033 oam
597 2969 629 3032 in
652 2980 770 3051 quarto
788 2966 909 3050 Capite
926 2965 1163 3032 adliomanns.
1216 2967 1260 3028 sti
1286 2976 1414 3031 tantum
1440 2964 1508 3032 lide
1535 2966 1804 3052 apprehenditur.
1857 2969 1962 3056 lgitnr
1990 2970 2114 3038 liducis
2138 2991 2201 3038 no·

183 3057 228 3123 Et
248 3058 368 3123 deinde
389 3057 423 3120 in
445 3055 599 3119 omnibus
614 3057 668 3132 62)
690 3051 851 3138 Epistolis
872 3053 1001 3136 repetit.
1215 3051 1311 3116 minis
1334 3049 1476 3131 Christi,
1508 3071 1576 3118 non
1610 3052 1732 3120 fiducia
1761 3066 1951 3121 nostrorum
1973 3075 2111 3141 operum
2131 3055 2200 3122 sal·

270 3141 329 3206 Sic
350 3142 396 3204 ait
417 3138 535 3223 Capite
556 3152 674 3225 quarto
690 3143 743 3218 ⁶³)
770 3140 814 3203 ad
842 3137 959 3203 Roma.
1004 3136 1164 3220 Operanti
1215 3157 1343 3204 namur.
1404 3138 1534 3204 Nomen
1560 3139 1647 3203 enirn
1675 3139 1731 3204 hic
1758 3140 1925 3227 significat
1951 3161 2088 3210 cauum
2110 3161 2200 3228 quas

184 3246 316 3294 merces
343 3244 410 3289 non
436 3225 617 3307 imputatur
637 3225 820 3289 secundnm
843 3223 999 3311 gratiam,
1026 3224 1088 3286 sed
1110 3241 1164 3287 se·
1214 3219 1379 3308 allegatur
1409 3236 1546 3308 proter
1573 3244 1673 3310 quam
1702 3228 1864 3313 contingit
1894 3225 2001 3292 salus.
2057 3226 2100 3293 llt
2119 3226 2200 3294 alle·

186 3313 328 3379 cundmn
367 3310 522 3375 debitum.
588 3309 628 3372 Ei
661 3321 771 3373 autem
804 3314 859 3393 qui
891 3329 960 3374 non
993 3320 1164 3391 operatur,
1215 3329 1297 3394 gare
1318 3328 1440 3375 nomen
1491 3309 1596 3388 bristi,
1619 3323 1672 3375 est
1692 3311 1862 3378 confidere
1883 3313 2084 3394 nornine⁶⁶)
2106 3312 2201 3379 Chri-

185 3399 291 3464 credit
316 3408 426 3462 antem
454 3395 488 3459 in
510 3414 585 3460 eum
607 3395 663 3478 qni
685 3394 840 3460 iustificat
862 3393 1011 3477 impium,
1033 3403 1163 3541 reputa·
1215 3394 1275 3472 sti,
1297 3405 1455 3479 tanquam
1477 3415 1681 3472 oausa,⁴.scu
1701 3397 1835 3482 precio,
1861 3399 2109 3484 propterquod
2129 3396 2200 3464 sal·

185 3482 348 3549 turlides
377 3481 518 3546 eiusad
547 3480 722 3544 iusticiam.
766 3478 830 3543 llic
853 3476 945 3543 clare
966 3478 1044 3541 dicit
1090 3478 1164 3542 dem
1215 3499 1343 3545 uamnr.
1678 3529 1681 3535 .

183 3571 291 3656 ipsam
313 3567 466 3652 imputari
493 3567 536 3631 ad
563 3567 736 3632 iusticiam.
785 3565 885 3630 Fides
912 3564 1013 3650 igitur
1035 3573 1087 3628 est
1107 3560 1165 3626 illa
1303 3563 1446 3629 Actuum
1474 3585 1530 3628 xv.
1596 3565 1677 3630 Fide
1738 3565 1896 3632 urificans
1934 3568 2039 3634 corda
2072 3587 2203 3634 eornm.

185 3677 254 3734 res,
276 3676 374 3740 quarn
391 3650 486 3717 Deus
507 3653 708 3737 pronunciat
728 3671 807 3717 esse
827 3652 1001 3727 iusticiam,
1024 3662 1057 3714 et
1074 3651 1166 3713 addit
1216 3647 1329 3720 Quare
1361 3647 1443 3714 lides
1475 3647 1535 3713 illa
1562 3651 1605 3715 de
1631 3671 1699 3736 qna
1738 3664 1906 3737 oquuntur
1927 3651 2101 3739 Apostoli,
2127 3672 2200 3719 non

185 3741 291 3828 gratis
318 3739 482 3824 imputari.
538 3737 581 3802 Et
610 3747 710 3823 negat
736 3757 840 3820 posse
866 3737 972 3823 gratis
1000 3736 1165 3819 imputari,
1216 3745 1269 3798 est
1292 3735 1408 3799 ociosa
1429 3736 1568 3812 noticia,
1590 3737 1652 3801 sed
1674 3756 1731 3802 res
1748 3738 1918 3822 accipiens
1940 3740 2091 3825 spiritum
2120 3758 2203 3821 san·

186 3827 215 3890 si
237 3838 375 3910 propter
396 3843 500 3907 opera
522 3825 711 3888 deberetur.
757 3822 870 3896 Quare
900 3819 1047 3887 excludit
1068 3823 1166 3887 etiam
1216 3829 1317 3897 ctum,
1340 3832 1374 3885 et
1394 3819 1580 3887 iustificans
1601 3841 1677 3887 nos.

186 3915 336 3978 meritum
359 3930 494 3995 operum
517 3908 700 3974 moralium.
733 3906 827 3972 'Nam
855 3909 885 3972 si
913 3908 966 3972 his
988 3909 1166 3973 deberetur
1301 3908 1442 3971 Abacuc
1473 3907 1590 3991 primo.
1655 3907 1766 3974 lustus
1800 3929 1843 3974 ex
1881 3907 1950 3973 lide
1978 3911 2094 3991 viaet,
2134 3907 2200 3975 llio

185 3997 375 4063 iustificatio
409 4015 522 4060 coram
552 3993 636 4071 Deo,
668 4014 735 4058 non
769 3996 983 4078 imputaretur
1009 3993 1094 4059 fides
1120 3994 1165 4058 ad
1215 3992 1355 4077 primum
1384 3994 1464 4058 dicit
1499 3993 1650 4058 homines
1679 3992 1745 4057 lide
1774 4013 1853 4059 esse
1874 3993 1999 4073 iustos,
2026 4015 2094 4080 qna
2126 4015 2200 4061 cre·

185 4085 346 4149 iusticiam
369 4083 441 4147 sine
458 4081 628 4164 operibns.
1216 4077 1296 4141 dunt
1321 4075 1427 4142 Deum
1458 4079 1643 4164 propicium
1666 4098 1760 4159 esse,
1793 4091 1825 4144 et
1846 4080 1949 4158 addit,
1968 4081 2059 4166 quod
2081 4081 2200 4147 eadem

272 4169 314 4233 Et
345 4180 472 4252 postea.
523 4164 674 4230 Dicimus
704 4166 791 4229 eninr
819 4165 908 4251 quod
926 4165 1083 4231 Abrahae
1107 4165 1165 4247 ‘pn-
1215 4161 1302 4228 fides
1330 4163 1493 4240 viuilicet,
1515 4166 1592 4249 quia
1620 4164 1705 4229 haec
1734 4163 1818 4229 fides
1843 4167 1930 4249 parit
1956 4166 1991 4230 in
2013 4169 2119 4233 corde
2138 4187 2201 4253 pa·

185 4267 300 4340 putata
322 4267 374 4319 est
395 4253 480 4318 fides
501 4252 545 4315 ad
567 4252 741 4316 iusticiam.
1061 4309 1065 4318 ,
1136 4266 1141 4275 ·
1215 4268 1288 4312 cem
1311 4258 1344 4311 ot
1366 4249 1533 4332 gaudium,
1556 4260 1589 4314 et
1609 4250 1709 4314 vitam
1732 4261 1910 4316 aeternam.
2109 4284 2112 4289 ·

272 4340 389 4424 Capite
410 4362 440 4405 v.
463 4337 520 4403 ait.
564 4335 736 4402 lustificati
759 4357 801 4402 ex
823 4334 900 4413 lide,
922 4355 1039 4417 pacem
1062 4335 1165 4401 habe·
1302 4333 1424 4398 Esaiae
1447 4333 1508 4416 liij.
1571 4334 1704 4399 Noticia
1734 4336 1807 4401 eius
1839 4334 2031 4401 iustificabit
2063 4333 2199 4402 multos.

185 4447 261 4492 mus
279 4446 360 4512 erga
378 4421 497 4501 Deum,
519 4423 554 4487 id
572 4434 636 4500 est,
657 4420 818 4487 hahemus
836 4421 1058 4488 conscientias
1076 4431 1165 4485 tran·
1216 4417 1303 4490 Quid
1332 4430 1384 4482 est
1412 4431 1523 4484 autem
1551 4421 1674 4485 noticia
1695 4419 1836 4492 Christi,
1870 4421 1935 4485 nisi
1963 4441 2068 4488 nosse
2096 4424 2197 4489 bene-

187 4508 308 4598 quillas
330 4521 364 4574 et
383 4507 490 4574 laetas
515 4529 628 4574 coram
650 4504 736 4572 Deo.
1216 4503 1291 4568 ficia
1319 4503 1455 4582 Christi,
1488 4507 1743 4589 promissiones,
1775 4525 1860 4591 quas
1888 4527 1950 4590 per
1978 4507 2199 4595 Euangelium

273 4594 389 4660 liorna.
410 4596 467 4677 iiij.
512 4594 624 4659 Corde
646 4593 792 4657 creditur
818 4594 861 4657 ad
883 4591 1058 4656 iusticiam.
1102 4590 1165 4656 llic
1216 4592 1340 4673 sparsit
1360 4591 1394 4655 in
1417 4591 1594 4660 mundum?
1632 4591 1676 4657 Et
1697 4597 1782 4658 haec
1805 4591 1966 4658 beneficia
1988 4613 2103 4674 nosse,
2123 4614 2198 4679 pro·

185 4679 972 4848 pronprppiffillprtlppn,ijessplppsitlilcippprippptlliesgu
991 4761 1155 4826 credimus
1189 4782 1193 4807 ·
1216 4675 1306 4845 pppd
1320 4675 2201 4848 pungerpempppitcffpppeprippghrpsppipphpreppppg

542 4813 550 4830 ι
632 4835 634 4841 Ι
1156 4805 1168 4840 2
2064 4810 2076 4845 2

189 4865 224 4918 vt
245 4850 460 4917 iustificantur
481 4873 523 4916 ex
544 4851 609 4917 lida
630 4848 771 4930 Christi,
799 4862 832 4914 et
855 4869 923 4914 non
943 4869 986 4913 ex
1009 4850 1166 4934 operibus
1217 4858 1375 4932 praestet.

186 4936 287 5026 legis.
1304 4932 1373 4997 Sed
1406 4929 1505 5017 plena
1544 4947 1598 5001 est
1629 4934 1796 5021 scriptura
1833 4931 1955 5001 talibus
1987 4936 2199 5020 testimoniis,

1219 5107 1428 5118 ——--—-——

188 5213 238 5280 tii)
257 5208 386 5279 omnibus]
405 5211 455 5260 Ed.
475 5209 773 5277 &sponsoribus
882 5258 886 5267 ,
1191 5143 1196 5249 l
1219 5205 1267 5273 64)
1285 5207 1392 5273 primm]
1409 5206 1459 5259 lld.
1479 5209 1520 5259 ³.=
1542 5212 1563 5260 l.

185 5298 238 5365 63)
257 5295 363 5364 quarto]
381 5296 432 5348 hd.
451 5294 492 5346 3.z
510 5297 535 5345 4.
1192 5252 1196 5351 l
1219 5290 1267 5360 66)
1284 5291 1400 5358 nomine]
1418 5293 1469 5345 Ed.
1487 5293 1529 5346 3.=
1548 5295 1648 5345 nomini
