4756 6194
176 368 243 435 nte
522 365 562 434 ll.
607 364 838 434 aroucam
864 365 1187 435 consessionis
1207 365 1522 437 adnostasse
1565 369 1607 438 B.
1650 369 1844 438 ALTERA.
2126 375 2196 444 5³⁰

177 566 293 623 extant
317 555 534 621 immoderate
564 565 598 619 et
627 555 725 640 impie
758 555 883 640 scripte
917 555 959 620 de
993 565 1160 639 potestate
1212 556 1255 621 de
1277 576 1375 634 vera,
1398 556 1559 633 honest,
1582 554 1743 642 spirituali
1766 557 1889 623 unitate
1911 555 2093 645 loquimur,
2117 564 2195 629 sine

176 640 295 708 Roma.
330 639 516 719 Pontificio,
540 651 678 723 propter
701 660 788 726 quae
805 659 903 705 nemo
922 659 1159 724 vnquamreus
1210 662 1277 727 qua
1299 662 1367 706 non
1390 653 1504 725 potest
1524 642 1670 707 existere
1691 641 1777 707 fides
1796 644 1829 708 in
1848 645 1963 721 corde,
1987 649 2194 715 aeuiusticia

176 725 290 793 iactus
313 739 376 791 est.
426 726 497 792 Nos
522 724 586 790 soli
609 722 800 810 plectimur,
828 727 907 811 quia
928 727 1160 811 praedicamus
1210 729 1322 792 cordis
1341 748 1456 792 coram
1474 727 1559 793 Deo.
1594 727 1647 793 Ad
1670 727 1759 794 hane
1781 729 1921 794 dicimus
1942 751 2011 796 nnn
2032 752 2111 799 esse
2131 755 2190 799 ne·

176 813 375 879 heneficium
398 810 540 891 Christi,
572 812 662 897 quod
690 811 756 877 fide
784 813 818 876 in
839 810 1009 877 Christum
1039 831 1160 877 conse·
1211 814 1394 879 cessariam
1423 812 1667 879 similitudinem
1698 816 1818 879 rituum
1849 813 2084 897 humanorum,
2118 820 2193 884 siue

177 920 319 985 quamur
340 899 570 963 remissionem
583 908 820 981 peccatorum,
843 916 910 962 non
934 896 1080 962 cultibus
1103 918 1160 963 ex·
1209 897 1460 976 vntuersattum,
1483 901 1556 965 siue
1573 898 1834 983 particularium,
1858 903 1935 985 quia
1952 901 2083 969 iusticia
2101 903 2191 986 fidei,

112 1020 118 1033 ·
178 986 333 1070 cogitatis
358 1006 377 1048 a
400 983 573 1049 Pontifice.
619 980 727 1047 Porro
751 982 926 1061 Christus,
957 981 1159 1094 Prophetae,
1209 1003 1278 1048 nnn
1301 995 1354 1050 est
1375 985 1507 1050 iusticia
1529 982 1668 1071 alligata
1690 988 1791 1051 certis
1823 988 2074 1069 traditionibus,
2105 993 2193 1055 sieut

177 1082 212 1136 et
221 1067 389 1155 Apostoli,
412 1065 469 1132 lon
534 1065 631 1134 aliter
648 1069 809 1134 definiunt
821 1067 1008 1134 Ecclesiam
1021 1069 1158 1148 Christi,
1209 1070 1343 1134 iusticia
1363 1067 1450 1155 legis
1468 1081 1541 1135 erat
1551 1070 1691 1158 alligata
1705 1072 1864 1137 Mosaicis
1878 1076 2089 1159 ceremonijs,
2112 1077 2192 1162 quia

177 1177 277 1242 quam
299 1175 439 1240 regnum
490 1153 682 1219 ontifieium.
727 1154 800 1219 Nec
828 1166 882 1218 est
910 1156 954 1220 ad
977 1153 1159 1220 Pontifices
1208 1153 1265 1219 illa
1287 1157 1418 1222 iusticia
1441 1157 1573 1235 cordis,
1603 1168 1656 1221 est
1683 1177 1740 1222 res
1770 1157 1944 1223 viuificans
1975 1162 2090 1226 corda.
2136 1161 2191 1226 Ad

177 1239 457 1317 transferendum,
479 1242 569 1325 quod
591 1242 772 1306 adversm
795 1236 981 1306 Ecclesiam
1003 1243 1159 1326 pertinet,
1208 1238 1298 1305 hane
1318 1239 1575 1307 viuihcstionem
1598 1240 1680 1307 nihil
1709 1245 1901 1308 conducunt
1928 1243 2095 1311 hnmanae
2123 1256 2190 1312 trs·

176 1330 267 1414 quod
294 1324 452 1391 videlicet
478 1327 546 1390 sint
575 1324 751 1390 columnae
778 1326 946 1400 veritatis,
976 1329 1067 1412 quod
1090 1347 1158 1392 non
1209 1327 1371 1403 ditiones,
1398 1329 1472 1392 siue
1499 1325 1728 1407 vninersales,
1755 1331 1828 1394 siue
1857 1331 2097 1413 particulares,
2125 1351 2192 1401 are

178 1424 301 1479 errent.
354 1411 485 1485 Quotus
514 1412 657 1497 quisque
685 1412 772 1476 errim
803 1423 897 1476 curat
925 1410 1158 1498 Euangelium,
1208 1424 1287 1477 suut
1309 1411 1447 1477 allectus
1470 1415 1609 1498 spiritus
1631 1417 1751 1492 sancti,
1774 1414 1862 1480 sieut
1883 1420 2036 1493 castitas,
2057 1419 2192 1500 pacien-

178 1513 236 1566 aut
259 1499 382 1564 iudicat
404 1499 539 1583 dignum
562 1516 640 1561 esse
661 1493 829 1564 lectione?
859 1495 956 1561 lilulti
979 1499 1078 1562 etiam
1099 1521 1158 1585 pa·
1209 1500 1265 1577 tia,
1288 1500 1386 1564 timor
1397 1498 1473 1576 Dei,
1496 1499 1631 1565 dileetio
1643 1501 1798 1584 proximi,
1817 1512 1851 1564 et
1870 1520 1973 1586 opera
1987 1501 2191 1570 dilectionis.

180 1583 247 1650 lam
268 1585 407 1649 irrideat
429 1581 608 1669 religiones
632 1602 759 1660 omnes,
780 1595 840 1649 aut
857 1584 886 1647 si
904 1583 982 1668 quid
999 1587 1156 1668 probant,
1296 1584 1368 1648 Nec
1388 1581 1483 1649 leues
1507 1604 1632 1651 musae
1655 1584 1801 1661 fuerunt,
1823 1606 1885 1651 cur
1906 1588 1996 1652 hunc
2013 1587 2192 1654 articulum

201 1674 320 1735 robant
343 1668 401 1732 illa
446 1689 508 1732 uae
526 1669 689 1733 humanae
700 1670 820 1734 rationi
831 1681 1059 1735 consentanea
1069 1681 1157 1751 sunt,
1206 1689 1418 1754 poneremus.
1454 1670 1594 1736 Constat
1616 1673 1703 1736 enim
1725 1669 1849 1736 multas
1872 1669 1993 1738 stultas
2016 1674 2192 1758 opiniones

176 1692 321 1822 Enetera
349 1689 506 1820 sabulosa
534 1773 612 1818 esse
641 1754 863 1833 arbitrantur,
894 1767 927 1820 et
948 1752 1068 1821 similia
1090 1769 1156 1821 tra·
1207 1758 1249 1821 de
1272 1757 1504 1821 traditionibus
1534 1758 1703 1842 serpsisse
1731 1757 1764 1822 in
1788 1755 1987 1823 Ecclesiam.
2031 1756 2192 1825 Nonnulli

179 1842 311 1929 goedijs
325 1836 515 1904 Poetarum.
549 1839 662 1912 Quare
682 1860 746 1905 nos
768 1841 862 1906 iuxta
878 1841 1063 1926 scripturas
1081 1861 1156 1906 sen·
1206 1853 1406 1926 putauerunt
1428 1839 1589 1907 humanas
1612 1844 1822 1920 traditiones,
1845 1845 2059 1909 necessarios
2081 1842 2192 1911 cultus

178 1931 276 1993 timus
291 1923 476 1991 Ecclesiam
487 1925 755 2010 propriedictam
767 1945 844 1992 esse
860 1948 986 2013 congre
1012 1928 1156 1993 ationem
1206 1946 1285 1992 esse
1317 1928 1359 1991 ad
1393 1929 1646 2010 promerendam
1672 1929 1952 1994 iustificationem.
2002 1929 2045 1996 Et
2073 1944 2193 2016 postea

179 2023 385 2088 sanctornm,
407 2013 463 2096 qui
485 2031 566 2076 vere
590 2012 729 2076 credunt
750 2010 934 2098 Euangelio
957 1949 1099 2089 class,
1121 2024 1156 2078 et
1206 2013 1479 2097 disputauerunt,
1508 2016 1562 2098 qui
1585 2013 1698 2095 fieret,
1720 2016 1811 2100 quod
1834 2028 1927 2082 tanta
1949 2018 2113 2096 varietate
2135 2038 2193 2083 co·

177 2101 304 2166 hahent
325 2097 476 2182 spiritum
498 2109 661 2162 sanctum.
694 2096 738 2162 Et
755 2096 1155 2165 tamenlatemurmultos
1204 2097 1457 2182 leretereus,
1479 2099 1680 2185 quasivero
1703 2103 1958 2166 obseruationes
1981 2099 2195 2167 illaeessent

177 2185 372 2273 hypocritas
394 2195 427 2247 et
448 2179 556 2248 malos
578 2181 631 2247 his
653 2184 687 2248 in
709 2183 775 2248 hac
796 2184 863 2249 vita
884 2185 1068 2264 admixtos,
1098 2184 1154 2250 ha·
1205 2184 1334 2264 cultus,
1363 2194 1397 2249 et
1417 2206 1485 2250 non
1509 2187 1620 2269 potius
1644 2199 1802 2251 externae
1823 2198 1858 2251 et
1882 2184 2040 2270 politicae
2060 2187 2194 2253 ordina·

177 2272 260 2337 here
293 2270 491 2336 societatem
523 2277 736 2334 externorum
767 2271 957 2356 signorum,
992 2271 1048 2356 qui
1077 2280 1156 2336 sunt
1205 2273 1332 2349 tiones,
1363 2268 1445 2335 nihil
1477 2272 1522 2335 ad
1548 2272 1712 2337 iusticiam
1740 2273 1854 2337 cordis
1882 2292 1945 2338 sen
1973 2270 2098 2339 cultum
2128 2271 2195 2338 Dei

178 2356 325 2424 membra
335 2351 511 2421 Ecclesiae
522 2356 706 2420 secundum
727 2358 921 2421 societatem
943 2367 1156 2422 externorum
1205 2357 1421 2443 pertinentes,
1442 2376 1530 2441 quaa
1551 2355 1632 2422 alibi
1654 2377 1747 2436 casu,
1769 2355 1849 2423 alibi
1871 2369 2009 2443 propter
2031 2360 2195 2443 quasdam

179 2447 362 2530 signorum.
396 2440 542 2526 ldeoque
564 2453 685 2527 gerunt
707 2439 820 2506 officia
841 2443 874 2507 in
897 2438 1061 2522 Ecclesia,
1083 2442 1156 2507 Neo
1205 2439 1400 2529 probabiles
1424 2443 1573 2506 rationes
1602 2443 1742 2509 variant.
1793 2446 1873 2508 ltem
1901 2441 1986 2509 aliae
2007 2441 2195 2523 Ecclesiae,

177 2530 293 2595 adimit
318 2527 537 2592 sacramentis
565 2524 766 2604 efficaciam,
792 2529 880 2614 quod
910 2548 971 2612 per
998 2529 1155 2615 indignos
1205 2527 1291 2594 allas
1313 2539 1451 2612 propter
1472 2526 1560 2593 tales
1581 2528 1779 2594 traditiones
1809 2529 2196 2607 excommnnicauerunt,

178 2624 375 2690 hacmntnr,
397 2614 502 2697 quiar
546 2625 719 2679 reseratam
730 2611 854 2679 Christi
866 2633 1058 2698 personant,
1078 2633 1156 2700 pro·
1205 2626 1243 2681 vt
1263 2626 1401 2700 propter
1422 2615 1689 2679 obseruationem
1712 2616 1884 2692 Pascatis,
1906 2615 2054 2698 picturas
2078 2629 2112 2681 et
2133 2633 2191 2681 res

177 2712 254 2788 pter
275 2698 487 2765 vocationem
537 2695 700 2781 eclesiae,
730 2720 799 2764 non
826 2710 1059 2785 representaat
1079 2720 1156 2786 pro·
1207 2697 1344 2766 similes.
1389 2697 1489 2764 Vnde
1518 2699 1659 2784 imperiti
1687 2702 1977 2780 existimauerunt,
2006 2700 2106 2766 fidem
2131 2719 2195 2765 seu

177 2788 269 2871 prias
288 2803 465 2868 personas,
488 2784 858 2864 rttestaturChristns,
881 2785 944 2858 Qui
966 2804 1032 2852 vos
1051 2787 1156 2865 audit,
1207 2785 1372 2851 iusticiam
1405 2784 1518 2848 cordis
1551 2804 1664 2851 coram
1696 2785 1789 2865 Deo,
1821 2806 1889 2851 non
1918 2806 2021 2869 posse
2049 2788 2195 2852 existere
2290 2781 2294 2787 ’

178 2892 231 2936 me
252 2871 353 2937 audit.
397 2869 481 2935 Cum
510 2872 647 2936 verbum
670 2868 814 2951 Christi,
841 2892 917 2938 cum
945 2884 1157 2938 sacramenta
1206 2872 1280 2938 sine
1301 2869 1354 2934 his
1376 2870 1679 2936 obseruationibus.
1724 2870 1848 2936 Extant
1875 2873 1961 2935 enim
1983 2872 2025 2937 de
2046 2871 2113 2938 hoc
2135 2890 2196 2936 ne·

178 2959 366 3043 porrigunt,
388 2953 513 3021 Christi
535 2958 610 3021 vice
633 2967 666 3022 et
689 2956 767 3022 loeo
788 2960 975 3043 porrigunt.
1009 2959 1157 3023 lddocet
1208 2959 1307 3045 goeio
1346 2952 1449 3022 multa
1486 2957 1599 3040 inepta
1637 2956 1764 3042 scripta
1801 2957 2055 3024 Summistarnm
2069 2960 2124 3034 ⁶⁴)
2161 2966 2196 3022 et

177 3062 242 3108 nos
273 3040 332 3106 illa
348 3060 429 3106 sex
458 3039 602 3122 Christi,
633 3062 677 3107 ne
708 3042 905 3130 indignitate
932 3044 1157 3110 ministrorum
1207 3041 1358 3110 aliorum

179 3126 397 3199 offendamur.
432 3125 503 3192 Sed
525 3129 567 3193 de
589 3127 654 3192 hae
675 3147 714 3192 re
736 3130 821 3193 satis
843 3125 936 3193 clare
958 3128 1100 3194 diximus
1122 3130 1158 3194 in
1295 3128 1365 3196 Sed
1386 3126 1475 3191 sicut
1496 3123 1669 3192 dissimilia
1697 3146 1715 3190 s
1740 3128 1814 3193 acia
1834 3126 1963 3192 dierum
1985 3147 2027 3192 ac
2048 3128 2196 3194 noctium

180 3211 406 3292 confessione,
427 3233 491 3279 nos
514 3214 705 3298 improbare
721 3211 932 3293 Donatistae,
956 3224 991 3278 et
1009 3213 1158 3302 Vigleui·
1208 3234 1279 3280 non
1309 3210 1446 3277 laedunt
1473 3215 1631 3276 rnitatem
1652 3147 1844 3293 Ecclesiae,
1873 3214 1923 3277 lta
1944 3213 2104 3279 sentimus
2127 3232 2197 3278 nou

179 3310 268 3377 stas,
297 3300 352 3385 qni
380 3311 559 3364 senserunt
586 3298 741 3364 homines
764 3319 924 3382 peceare,
952 3300 1157 3384 accipientes
1209 3298 1297 3366 laedi
1318 3298 1614 3364 reramzvnitatem
1636 3297 1813 3364 Ecclesiae
1836 3295 2054 3364 dissimilibus
2076 3299 2197 3364 ritihus

179 3394 391 3451 sacramenta
412 3387 455 3449 ab
473 3385 620 3471 indignis
639 3383 856 3450 in'Ecclesia.
889 3384 982 3451 llaec
1004 3385 1039 3450 in
1061 3406 1157 3469 prae·
1208 3386 1365 3451 institutis
1392 3386 1435 3448 ab
1462 3380 1662 3451 hominibus.
1718 3384 1916 3471 Quanquam
1943 3381 2057 3468 placet
2084 3386 2196 3462 nobis,

178 3471 287 3537 sentia
309 3470 506 3536 videbantur
529 3467 688 3537 sufficere
711 3471 755 3534 ad
777 3467 1006 3537 defensionem
1030 3472 1158 3537 descri-
1209 3481 1246 3538 rt
1277 3465 1489 3536 uniuersales
1520 3471 1622 3549 ritus,
1654 3483 1792 3555 propter
1822 3467 2096 3556 tranquillitatem
2125 3488 2196 3535 ser·

178 3557 301 3642 ptionis
313 3553 487 3622 Ecclesiae
499 3576 599 3642 qnam
619 3558 823 3622 tradidimus.
856 3556 974 3642 Neque
994 3555 1159 3637 ridemus,
1208 3567 1338 3623 nentur.
1384 3555 1480 3621 Siout
1502 3566 1535 3619 et
1556 3575 1620 3621 nos
1642 3556 1676 3622 in
1698 3553 1875 3640 Ecclesijs,
1898 3555 2046 3619 ordinem
2058 3552 2197 3634 Missae,

186 3663 262 3709 cum
273 3639 428 3708 Ecclesia
448 3643 584 3727 proprie
605 3642 705 3721 dieta,
725 3638 911 3730 appelletur
928 3662 1053 3727 eorpus
1064 3643 1160 3709 Chri·
1209 3644 1296 3708 diem
1320 3640 1548 3719 Dominicum,
1581 3651 1616 3708 et
1647 3640 1733 3709 alios
1762 3642 1834 3704 dies
1860 3640 1967 3706 festos
1991 3637 2196 3705 celebriores

179 3730 242 3807 sti,
270 3729 438 3812 quomodo
461 3727 558 3793 aliter
580 3730 802 3793 describenda
823 3727 938 3808 fuerit,
968 3749 1068 3814 qnam
1095 3749 1159 3794 nos
1208 3727 1352 3795 libenter
1377 3744 1573 3804 seruamus,
1603 3723 1645 3790 Et
1674 3726 1863 3810 gratissimo
1892 3726 2002 3791 animo
2024 3725 2194 3808 amplecti·

181 3814 433 3897 descripsimus.
483 3811 624 3879 Constat
647 3815 734 3880 enim
758 3815 877 3898 impios
898 3817 942 3879 ad
964 3835 1104 3901 regnum
1126 3825 1160 3880 et
1210 3834 1284 3878 mur
1305 3808 1404 3878 vtiles
1426 3832 1468 3877 ac
1490 3821 1621 3876 veteres
1644 3811 1883 3891 ordinationes,
1906 3811 2103 3896 praesertim
2120 3831 2197 3878 cam

181 3918 307 3982 eorpus
330 3895 459 3963 diaboli
480 3900 663 3982 pertinere,
708 3900 742 3964 ai
763 3897 902 3984 impellit
930 3911 964 3964 et
985 3900 1087 3965 habet
1105 3910 1160 3966 ca·
1211 3898 1403 3964 contineant
1428 3895 1692 3983 paedagogiam,
1719 3917 1786 3981 qua
1811 3898 1953 3983 prodest
1979 3895 2139 3982 populum
2161 3906 2196 3963 et

179 3985 291 4071 ptiuos
312 3983 443 4067 impios.
486 3985 579 4049 llaec
601 3920 778 4050 snntEuce
800 3983 982 4048 meridiana
1002 3982 1159 4065 clariora,
1209 3984 1381 4069 imperitos
1409 3979 1626 4047 assuefacere
1655 4002 1698 4048 ac
1726 3985 1870 4061 docere,
1900 3981 1969 4048 Sed
1992 4004 2060 4049 non
2082 3984 2195 4067 dispu-

182 4091 270 4156 quae
293 4079 402 4133 tamen
425 4070 454 4133 si
477 4081 617 4155 pergent
639 4067 833 4137 calumniari
861 4070 1063 4156 aduersarij,
1091 4090 1159 4136 uon
1209 4083 1320 4136 tamus
1352 4087 1459 4147 nunc,
1488 4086 1533 4132 an
1565 4068 1734 4133 conducat
1758 4082 1895 4155 propter
1924 4065 2197 4154 tranquillitatem

185 4156 399 4243 granabimur
421 4157 592 4241 copiosius
614 4158 831 4241 respondere.
1209 4167 1270 4221 aut
1301 4151 1512 4238 corporalem
1544 4149 1716 4219 vtilitntenr
1750 4173 1899 4220 seruare.
1944 4152 2022 4219 Alia
2048 4174 2104 4219 res
2124 4154 2196 4239 agi·

268 4241 436 4306 Damnaat
462 4242 647 4327 aduersarij
677 4254 711 4306 et
740 4241 830 4308 haue
861 4252 990 4327 partem
1020 4239 1160 4327 Septimi
1210 4254 1281 4319 tur,
1312 4240 1512 4324 Disputatur
1539 4240 1644 4317 enim,
1671 4239 1789 4306 Vtrum
1817 4241 2071 4305 obseruationes
2093 4240 2196 4303 tradi·

182 4326 327 4406 articuli,
349 4329 439 4412 quod
461 4329 600 4396 diximus
617 4329 791 4393 adversm
804 4329 960 4394 mitatem
972 4324 1158 4405 Ecclesiae,
1208 4327 1336 4392 tionum
1357 4325 1577 4392 humanarum
1605 4326 1672 4390 sint
1695 4322 1807 4390 cultus
1829 4327 2013 4410 necessarij
2036 4326 2080 4390 ad
2103 4325 2196 4390 iusti·

182 4416 266 4479 satis
289 4433 369 4479 esse
391 4415 583 4480 consentire
605 4414 647 4478 de
668 4413 820 4480 doctrina
837 4412 1024 4501 Euangelij,
1045 4426 1079 4479 et
1100 4413 1159 4478 ad·
1210 4413 1295 4479 ciam
1318 4431 1432 4478 coram
1449 4409 1537 4488 Deo,
1560 4411 1633 4476 Hoc
1655 4422 1708 4475 est
1729 4412 1901 4495 κρινόμενον
1922 4412 1957 4475 in
1978 4412 2044 4476 hae
2060 4420 2195 4475 contro·

181 4499 427 4564 ministratione
439 4513 734 4579 sacramentorum,
751 4520 816 4564 nec
827 4520 1069 4578 necesseesse,
1088 4498 1159 4564 rbi·
1210 4498 1332 4576 uersis,
1350 4518 1418 4582 quo
1436 4497 1631 4572 constituto,
1652 4507 1771 4580 postea
1783 4498 1920 4562 iudicari
1932 4506 2054 4579 potest,
2074 4495 2196 4562 Vtrum

182 4606 248 4670 quc
265 4583 392 4650 similes
409 4588 604 4652 traditiones
623 4586 785 4653 humanas
803 4606 892 4663 esse,
914 4607 976 4652 sen
998 4587 1081 4650 ritus
1102 4594 1159 4649 aut
1210 4586 1254 4650 ad
1275 4604 1390 4649 reram
1410 4583 1569 4649 unitatem
1590 4579 1765 4648 Ecclesiae
1787 4601 1928 4648 necesse
1946 4584 1990 4647 sit
2010 4583 2134 4668 ubique
2150 4581 2195 4646 si·

182 4675 391 4737 ceremonias
402 4675 445 4736 ab
457 4673 645 4738 hominibus
657 4673 836 4738 institutas.
872 4673 935 4738 llic
955 4672 1160 4755 distinguunt
1210 4670 1307 4737 miles
1334 4687 1413 4734 esse
1434 4670 1630 4734 traditiones
1655 4670 1828 4735 humanas.
1872 4668 1910 4734 Si
1938 4668 2024 4734 enim
2046 4668 2195 4733 traditio·

182 4755 391 4822 uniuersales
413 4770 446 4822 et
472 4755 693 4843 particulares
720 4760 821 4836 ritus,
849 4768 883 4822 et
910 4760 1053 4844 probant
1084 4757 1159 4822 arti·
1210 4777 1272 4823 nes
1294 4756 1459 4821 humanae
1486 4775 1555 4819 non
1581 4766 1661 4821 sunt
1686 4754 1795 4820 cultus
1818 4754 2002 4840 necessarij
2031 4756 2076 4820 ad
2101 4752 2195 4819 iusti·

182 4840 291 4908 culum
313 4857 475 4923 nostrum,
499 4846 527 4908 si
550 4841 752 4930 intelligatur
771 4846 812 4909 de
823 4840 1081 4928 particularibus
1093 4844 1158 4908 riti·
1211 4843 1295 4908 ciam
1324 4860 1437 4905 coram
1467 4837 1561 4920 Deo,
1589 4838 1746 4924 Sequitur
1772 4859 1875 4926 posse
1901 4841 2009 4907 iustos
2042 4851 2077 4905 et
2103 4835 2194 4903 filios

181 4931 263 5007 hus,
297 4927 351 4992 De
384 4928 629 4996 vaiuersalibus
657 4931 792 5007 ritibus,
823 4951 891 4995 non
927 4931 1097 5015 recipiunt.
1115 4932 1160 5007 ⁶⁸)
1211 4928 1277 4993 Dei
1310 4945 1404 5004 esse,
1438 4928 1537 4993 etiam
1564 4925 1596 4989 si
1623 4946 1708 5010 quas
1737 4927 1930 4991 traditiones
1961 4945 2029 4991 non
2055 4924 2192 5002 hahent,

182 5016 258 5081 Non
280 5017 364 5079 satis
385 5014 600 5104 intelligimus
622 5017 702 5103 quid
722 5013 827 5082 velim
852 5016 1058 5103 aduersarij,
1087 5015 1160 5082 Nos
1212 5032 1298 5101 qnae
1331 5010 1411 5076 alibi
1443 5022 1599 5098 receptae
1630 5022 1720 5078 sunt.
1775 5010 1821 5078 Vt
1851 5013 1880 5077 si
1909 5010 2019 5079 torma
2049 5011 2193 5078 vestitus

182 5168 389 5186 ..n—.—

181 5289 230 5356 ea)
247 5290 398 5359 recipiunt]
415 5290 465 5343 aa.
484 5295 527 5343 aa
544 5293 703 5358 semiplena
752 5251 753 5254 Ὺ
1213 5288 1263 5356 es)
1278 5284 1488 5357 suanam]
1504 5286 1558 5341 se
1575 5288 1600 5342 s.
1618 5296 1671 5358 ap.
1689 5303 1752 5341 m
1769 5288 1958 5342 amanam

206 5398 209 5403 '
386 5407 818 5456 nmaomroaxxra.
1947 5387 1986 5442 u
