4786 6210
150 476 153 481 -
183 426 251 497 m
591 472 597 489 .
634 420 748 493 Hills·
769 421 874 495 Mat..
894 420 1084 491 SCRIPTA
1103 417 1376 489 Doumartca
1396 418 1454 487 ET
1475 417 1749 489 svttuoutcn,
2136 420 2206 489 5⁷2

187 615 278 702 quod
298 614 487 701 egredietur
508 614 550 679 de
572 632 633 677 ore
653 631 740 689 meo,
762 630 831 676 nou
853 620 1040 677 reuertatur
1057 612 1167 677 adme
1188 635 1193 715 Ι
1216 621 1427 676 sacramento
1454 608 1648 676 oiiemntur.
1692 608 1736 673 Et
1763 621 1817 676 est
1848 610 1934 675 ratio
1983 608 2063 677 lana
2088 621 2125 677 et
2145 608 2206 677 fir-

184 722 339 773 racuom,
361 701 424 766 sed
446 697 546 765 saciet
567 717 784 785 quaecunque
805 695 896 763 volui
918 711 982 765 etc.
1026 698 1063 765 Si
1082 697 1165 763 ordo
1218 697 1377 762 missima.
1410 696 1594 762 Promissio
1616 707 1671 760 est
1692 693 1817 760 inutilis
1840 697 1904 762 nisi
1927 694 1948 760 fi
1972 697 2202 780 concipiatur.

184 788 252 855 hoc
268 789 368 853 modo
391 784 605 871 intelligatur,
628 805 738 868 ireque
756 784 996 868 impositionem
1009 804 1166 848 manuum
1218 782 1263 847 At
1285 793 1496 847 sacramenta
1516 794 1596 847 sunt
1616 783 1715 867 signa
1739 785 2005 867 promissionum.
2041 783 2147 870 lgitur
2168 785 2205 851 in

185 893 311 941 vocare
328 886 573 939 sacramentum
595 891 784 957 graucmur.
818 870 928 935 Habet
950 872 1036 934 enim
1048 866 1166 935 Ecclc·
1218 888 1280 934 vsu
1303 870 1402 933 debet
1424 869 1589 935 accedere
1612 866 1714 947 tides,
1743 880 1780 934 vt
1800 869 1829 933 si
1852 871 1928 955 quis
1951 882 2063 935 vtetur
2084 868 2206 939 Coctia

185 962 236 1026 sia
257 960 448 1025 mandatum
469 960 512 1024 dc
533 957 773 1023 constituendis
795 956 967 1034 ministris,
989 957 1078 1039 quud
1091 976 1165 1042 gra·
1217 952 1364 1032 Domini,
1385 955 1437 1021 sic
1458 965 1591 1033 matur,
1615 954 1702 1028 Quia
1721 955 1754 1018 id
1776 965 1829 1021 est
1855 968 2101 1021 sacramentum
2124 956 2204 1023 noui

185 1047 348 1113 tissimum
371 1064 450 1110 esse
472 1045 570 1109 nubis
591 1045 702 1121 debet,
726 1045 817 1128 quod
839 1041 1086 1109 scimosDeum
1107 1063 1165 1128 ap·
1217 1041 1436 1120 Testamenti,
1470 1052 1507 1106 vt
1536 1040 1692 1106 Christos
1721 1039 1812 1106 clare
1838 1044 1933 1121 dicit,
1967 1042 2048 1108 ldeo
2076 1054 2205 1111 statuat

185 1134 332 1221 probare
354 1132 569 1196 ministerium
591 1128 689 1203 illud,
717 1140 750 1193 et
770 1129 893 1194 adesse
914 1131 948 1193 in
970 1130 1165 1193 ministerio.
1217 1128 1280 1192 sibi
1302 1125 1413 1191 offerri
1437 1146 1492 1190 res
1514 1128 1699 1211 promissas
1720 1129 1754 1191 in
1776 1149 1865 1193 nouo
1888 1126 2115 1208 Testamenta,
2136 1131 2203 1197 sci·

185 1220 240 1287 Ac
261 1219 397 1303 prodest
426 1229 585 1302 quantum
613 1217 685 1281 lieri
713 1225 841 1299 potest,
874 1233 996 1279 ornare
1022 1215 1167 1279 ministe·
1217 1211 1296 1278 licet
1342 1215 1496 1278 ratuitam
1519 1214 1747 1280 remissionem
1776 1226 2002 1299 peccatorum.
2048 1212 2091 1279 Et
2113 1215 2203 1285 hanc

185 1307 270 1371 rium
291 1304 397 1382 verbi,
421 1305 509 1368 omni
530 1322 654 1389 genere
672 1299 792 1381 laudis,
814 1302 978 1366 aduersus
1001 1296 1166 1366 fanaticos
1218 1321 1288 1363 rem
1311 1235 1376 1365 ide
1398 1299 1554 1385 accipiat,
1578 1300 1686 1385 erigat
1707 1301 1862 1383 pauidam
1885 1301 2146 1382 conscientiam,
2169 1313 2203 1369 et

185 1388 356 1467 homines,
379 1390 435 1473 qui
457 1391 624 1455 somniant
646 1389 798 1473 spiritum
819 1397 970 1452 sanctum
992 1387 1076 1457 dari,
1099 1407 1167 1451 non
1218 1387 1340 1450 sentiat
1362 1385 1446 1451 haec
1468 1386 1669 1465 testimonia,
1693 1407 1760 1451 non
1784 1405 1862 1452 esse
1883 1384 2027 1464 tattacta,
2049 1389 2112 1452 sed
2134 1402 2202 1455 tam

185 1497 247 1564 per
274 1477 432 1553 verbum,
462 1476 522 1540 sed
550 1487 689 1561 propter
720 1493 801 1539 sues
833 1474 995 1559 quasdam
1027 1493 1167 1557 praepa·
1218 1483 1328 1549 certa,
1361 1491 1461 1557 quam
1488 1472 1518 1535 si
1545 1470 1642 1538 Deus
1671 1492 1760 1537 nouo
1790 1472 1950 1538 miraculo
1979 1474 2022 1538 de
2044 1471 2203 1556 coelo²⁶)

179 1565 353 1641 rationes,
382 1561 413 1625 si
433 1563 574 1627 sedeant
595 1562 717 1632 ociosi,
744 1560 856 1639 taciti,
881 1563 914 1626 in
938 1559 1023 1624 locis
1045 1560 1167 1624 obscu-
1217 1561 1423 1643 promitteret
1456 1576 1496 1621 se
1527 1555 1616 1622 vella
1642 1561 1833 1645 ignoscere.
1877 1558 1965 1633 Quid
1991 1572 2102 1625 autem
2125 1581 2203 1644 pro·

185 1647 250 1729 ris,
292 1658 509 1731 expectantes
554 1645 846 1721 illuminationem,
890 1646 1166 1730 quemadmodum
1218 1647 1356 1709 desscnt
1376 1641 1435 1708 illa
1455 1641 1659 1709 miraculact
1676 1647 1929 1729 promissiones,
1952 1646 2203 1715 concredentil

186 1734 266 1798 olim
292 1738 506 1798 ἐνθονσιασταὶ
532 1734 715 1818 docebant,
747 1744 782 1799 et
810 1750 900 1797 nuuc
928 1734 1050 1797 docent
1076 1733 1167 1796 Ana·
1218 1731 1260 1797 Et
1282 1728 1450 1817 loquimur
1472 1729 1527 1794 bic
1545 1731 1587 1795 dc
1609 1730 1674 1795 iidc
1686 1729 1824 1815 speciali
1836 1752 1921 1818 qnae
1942 1734 2112 1817 praesenti
2124 1754 2202 1818 pro·

186 1821 365 1905 baptistae.
1218 1819 1367 1882 missioni
1389 1816 1514 1895 crudit,
1540 1836 1607 1881 non
1630 1829 1755 1885 tantum
1784 1838 1870 1904 quae
1891 1820 1923 1883 in
1947 1838 2072 1905 genera
2095 1821 2204 1885 credit

273 1903 518 1971 Matrimonium
556 1925 625 1971 uon
662 1917 716 1972 cst
747 1907 888 1990 primum
918 1903 1100 1967 institutum
1132 1903 1167 1966 in
1217 1903 1327 1970 Deum
1354 1923 1450 1982 esse,
1483 1903 1546 1967 sed
1579 1924 1665 1988 quae
1693 1906 1798 1969 credit
1832 1904 1943 1969 chetti
1971 1905 2202 1971 remissionem

187 2009 277 2056 nouo
299 1989 529 2071 Testamenta,
557 1994 620 2057 sed
651 1993 762 2057 statim
791 1992 882 2056 initio
905 2000 1020 2055 creato
1043 2008 1168 2075 genere
1218 2000 1447 2077 peccatorum.
1492 1986 1555 2055 llic
1577 2010 1660 2055 rsus
1682 1992 1885 2056 sacramenti
1908 1988 2105 2057 consolatur
2126 1993 2202 2076 pias

187 2076 344 2144 humano.
388 2075 499 2142 Habet
530 2090 640 2143 autem
669 2077 859 2143 mandatum
882 2074 967 2155 Dei,
1000 2073 1101 2140 habet
1135 2085 1175 2147 et¹
1218 2090 1252 2143 et
1284 2077 1425 2161 pauidas
1458 2087 1598 2140 mentes.
1649 2075 1815 2149 Quantum
1845 2088 1955 2142 actem
1983 2077 2017 2141 in
2044 2075 2204 2144 Ecclesia

186 2164 439 2250 promissiones,
461 2184 529 2230 non
552 2166 684 2250 quidem
705 2165 840 2249 proprie
857 2164 901 2227 ad
917 2182 1040 2227 nouum
1051 2159 1168 2225 Testa·
1218 2164 1446 2237 abusuum⁷⁷i
1469 2162 1635 2246 pepererit
1657 2161 1715 2227 illa
1737 2161 1883 2229 fanatica
1898 2164 2024 2247 opinio,
2044 2164 2203 2247 deopera

187 2260 333 2315 mentum
359 2251 582 2333 pertinentes,
613 2251 675 2315 sed
702 2251 809 2334 magis
832 2250 1035 2333 pertinentes
1056 2249 1100 2311 ad
1122 2247 1168 2311 vi·
1218 2261 1359 2334 operato
1381 2247 1454 2312 sine
1475 2248 1564 2312 bono
1587 2260 1678 2313 motu
1700 2252 1843 2327 utentis,
1865 2270 1964 2317 nemo
1986 2251 2099 2314 verbis
2121 2270 2202 2315 con·

187 2345 256 2401 tam
277 2334 503 2421 corporalem,
537 2356 642 2423 quare
670 2337 775 2421 siquis
804 2332 895 2399 volet
923 2344 1168 2398 sacramentam
1218 2338 1314 2421 sequi
1348 2345 1468 2418 potest.
1520 2334 1607 2400 llinc
1640 2346 1694 2399 est
1725 2333 1784 2400 illa
1816 2334 1944 2400 infinita
1978 2334 2201 2422 prophanatio

187 2440 332 2498 vocare,
363 2423 555 2489 discernere
587 2435 697 2487 tamen
724 2443 746 2486 a
774 2421 942 2506 prioribus
968 2416 1034 2483 illis
1057 2419 1167 2497 debet,
1218 2424 1413 2498 missarum,
1442 2423 1505 2488 scd
1527 2421 1569 2485 de
1591 2421 1655 2485 hac
1677 2418 1764 2487 infra
1786 2423 1946 2488 dicemus.
1992 2421 2109 2506 Neque
2131 2420 2203 2490 vlla

188 2526 276 2591 quae
297 2508 432 2590 proprie
454 2519 535 2573 sunt
561 2509 660 2593 signa
681 2509 759 2573 noui
784 2505 1005 2582 Testamenti,
1034 2516 1068 2569 et
1089 2518 1169 2573 sunt
1217 2506 1316 2573 litera
1337 2528 1378 2572 ex
1400 2510 1571 2573 veteribus
1593 2507 1822 2592 scriptoribus
1838 2510 1891 2586 ²⁸)
1914 2503 2055 2593 proferri
2078 2520 2204 2593 potest,

187 2593 378 2656 testimonia
399 2594 526 2677 gratiae
543 2604 577 2657 et
592 2595 800 2658 remissionis
811 2605 1036 2678 peccatorum.
1070 2589 1169 2664 Quod
1219 2614 1305 2681 quae
1326 2595 1555 2678 patrocinetur
1577 2591 1641 2657 hac
1658 2594 1691 2657 iu
1714 2614 1752 2658 rc
1769 2592 2003 2660 Scholasticis.
2034 2593 2102 2659 lma
2120 2616 2204 2661 cou-

73 2728 77 2735 .
188 2678 219 2742 si
242 2676 488 2742 Matrimonium
528 2691 707 2764 propterea
745 2678 882 2745 habebit
913 2675 1168 2765 appellationem
1218 2681 1356 2746 trarium
1378 2680 1424 2743 ait
1436 2679 1659 2767 Augustinus,
1681 2681 1773 2765 quod
1790 2681 1877 2746 tides
1898 2681 2112 2760 sacramenti,
2132 2701 2206 2747 nott

188 2763 398 2842 sacramenti,
443 2765 498 2829 uia
518 2765 620 2830 habct
649 2766 838 2831 mandatum
860 2763 936 2830 Dei.
982 2763 1090 2829 Etiam
1111 2763 1167 2850 alij
1219 2778 1463 2832 sacramentum
1495 2764 1664 2832 iustificat.
1726 2766 1769 2832 Et
1801 2778 1855 2831 est
1885 2779 1966 2834 uota
1997 2766 2095 2833 Pauli
2126 2787 2203 2834 seu·

187 2860 295 2915 status
317 2868 421 2915 seuo
461 2851 513 2916 cia
540 2872 627 2937 quae
656 2851 781 2917 habent
802 2854 989 2917 mandatum
1008 2848 1092 2929 Dei,
1104 2871 1169 3000 βο·
1218 2854 1338 2931 tencia,
1362 2852 1473 2918 Corde
1495 2853 1642 2917 creditur
1663 2853 1706 2917 ad
1727 2853 1902 2918 iusticiam.

187 2946 299 3002 Μυῒ
321 2937 436 3040 marl
463 2951 692 3018 ⁵⁸⁰³⁸¹¹¹⁰¹¹¹⁸³
723 2939 810 3003 *lm
832 2938 1062 3041 M⁸gl⁵¹l⁸¹¹¹⁵2
1133 2957 1167 3000 ⁰'
1305 2968 1492 3037 Articulum
1513 2968 1614 3037 Xllll.
1645 2972 1679 3037 in
1703 2994 1770 3059 quo
1800 2973 1959 3051 dicimus,
1991 2957 2115 3039 nemini
2137 2972 2204 3041 nisi

187 3033 330 3100 ’,ΝΜ
362 3039 393 3085 ⁸¹
415 3043 532 3088 ⁰⁰¹¹*
554 3044 610 3088 '⁰⁸
632 3025 842 3091 ⁸¹¹¹¹¹¹¹¹¹⁰ml
863 3037 1083 3090 ⁵⁸⁰ffl¹¹¹⁰¹¹t¹⁵
1112 3025 1169 3088 ‘¹⁰'
1219 3060 1282 3125 rite
1303 3072 1426 3124 vocato
1450 3059 1763 3138 concedendam⁷⁹)
1786 3080 1866 3125 esse
1883 3060 2205 3127 administrationem

186 3110 269 3212 Μ
295 3126 383 3194 ‘¹⁰⁰⁰
408 3107 532 3214 habent
558 3113 746 3177 ¹⁰⁸¹¹d⁸¹¹¹¹¹¹
769 3108 917 3216 ΜΨ
943 3112 1063 3215 (imbui
1091 3119 1170 3174 ⁵⁰⁰²
1220 3154 1505 3210 sacramentorum
1535 3155 1569 3209 et
1591 3146 1685 3211 verbi
1714 3147 1747 3210 iu
1770 3145 1937 3225 Ecclesia,
1959 3148 2005 3213 ita
2026 3146 2204 3229 recipiunt,

187 3194 322 3259 ”dm
343 3214 602 3298 93⁰¹l¹¹⁸⁸¹⁰⁰⁰⁵’
627 3219 688 3265 ⁰¹¹⁸
708 3219 776 3262 '¹⁰¹¹
799 3198 951 3263 “dd'mm‘
974 3210 1170 3274 ⁰m¹¹⁰¹¹⁶¹¹¹’
1219 3233 1249 3296 si
1270 3244 1380 3297 tumen
1401 3243 1531 3296 vtamur
1553 3232 1761 3297 ordinatione
1778 3230 1960 3299 canocice.
2005 3230 2079 3297 llao
2100 3234 2144 3297 de
2165 3251 2205 3300 rc

190 3300 278 3364 ΨΜ
310 3298 484 3345 “mm
517 3295 628 3365 ”mest
661 3284 725 3347 ‘¹³⁰¹
754 3295 1011 3348 ⁵⁰⁰³³¹¹¹⁰¹¹t¹¹¹¹l
1061 3282 1170 3348 ΠΜ
1220 3320 1253 3384 in
1275 3318 1339 3382 hnc
1361 3330 1530 3383 conuentu
1551 3337 1654 3402 saepe
1675 3320 1789 3384 testati
1815 3338 1950 3398 suiuus,
1978 3337 2042 3383 nos
2070 3338 2204 3386 sumnia

190 3367 278 3431 ‘nim
311 3375 346 3430 ⁰²
377 3369 566 3470 maldam
587 3369 651 3435 ⁰⁶¹
678 3379 712 3434 ‘t
732 3370 974 3474 Pl⁰ml⁵⁸lin⁰⁸
991 3365 1169 3517 ‚l’lu'lnlas‘
1222 3401 1391 3471 voluntate
1419 3422 1545 3487 cupere
1578 3423 1783 3470 conseruare
1835 3403 1958 3470 olitiam
1983 3402 2203 3472 Ecclesiasti-

189 3450 234 3518 Εἴ
252 3448 422 3519 ⁰⁰¹¹⁰⁰³t⁸
442 3466 528 3519 ’Μ
548 3467 780 3534 ”mmmm
809 3476 905 3541 quw
934 3456 968 3520 ¹¹¹
990 3451 1171 3519 ¹¹⁰⁵¹¹¹⁰⁹⁰
1221 3512 1312 3569 cam,
1347 3501 1380 3554 et
1409 3491 1535 3577 gradus
1564 3490 1597 3554 in
1620 3489 1775 3556 Ecclesia
1803 3426 1914 3557 lictus
1937 3493 2035 3556 etiam
2058 3489 2205 3557 humana

190 3537 288 3617 ,Μ’
321 3539 437 3605 inum
462 3539 615 3605 h⁰m¹¹¹³⁸
638 3542 684 3607 ’d
712 3542 885 3606 mnam·
942 3540 1088 3605 P⁰⁵⁵⁰¹¹t
1117 3539 1171 3605 ΜΟ
1220 3577 1408 3642 autoritate.
1452 3575 1584 3641 Scimus
1617 3579 1705 3642 enim
1737 3580 1827 3644 hono
1853 3588 1886 3643 et
1914 3574 1985 3644 vtili
2015 3574 2159 3644 consilio
2180 3596 2204 3644 a

190 3624 358 3691 numm
378 3624 720 3729 ⁰¹³²m,ffl⁸¹¹¹⁰⁸y¹¹³⁰·
752 3625 833 3733 him,
852 3626 1172 3747 ”mlmlffl'ffl’flhae
1221 3664 1376 3728 Patribus
1399 3659 1672 3727 Ecclesiasticam
1696 3663 1904 3750 disciplinam
1926 3663 1993 3730 hoc
2015 3667 2135 3743 modo,
2165 3675 2205 3729 vt

192 3720 227 3776 et
247 3711 342 3795 ipsae
362 3724 441 3776 sunt
460 3731 569 3797 signa,
590 3712 955 3799 quibusaddtdttDeus
977 3732 1172 3797 promissio·
1221 3762 1355 3814 wem
1378 3745 1536 3813 canones
1558 3748 1762 3827 morphan,
1785 3752 1997 3817 commotam
2019 3770 2109 3829 Μ,
2130 3748 2203 3814 Μ

191 3814 266 3944 3⁰⁸⁹
288 3795 351 3858 ⁸0⁶
373 3798 559 3862 ⁰¹¹¹li¹⁸¹¹¹¹¹⁸
586 3801 661 3864 lm·
705 3799 811 3865 Nem
838 3802 923 3905 ⁰an
952 3802 1003 3905 Vll
1024 3802 1171 3907 prudens
1220 3835 1379 3918 Episcopi
1396 3836 1593 3899 sacerdotes
1614 3845 1751 3899 nostros
1773 3849 1830 3903 aut
1853 3848 1978 3923 cogunt
2000 3835 2204 3902 hocdoctrI·

214 3899 389 3947 enumero
409 3895 467 3947 aut
488 3882 655 3950 vocabulo
667 3906 870 3972 magnopere
881 3888 1051 3965 rixabitur,
1073 3906 1103 3952 si
1122 3897 1172 3950 ta·
1220 3941 1285 3986 nae
1308 3940 1415 4006 genus
1448 3922 1538 4005 quod
1572 3918 1720 3986 confes„
1748 3942 1864 3987 sumu,
1893 3922 2040 4005 „ppjem
2066 3941 2110 3988 ω
2142 3922 2204 3988 da.

1221 4027 1348 4085 mnore,
1371 4018 1429 4072 aut
1450 4027 1540 4072 noua
1563 4020 1597 4072 et
1618 4009 1765 4095 inaudita
1786 4007 1981 4074 crudelitate
2003 4009 2145 4073 miserus
2167 4016 2203 4074 et

1220 4096 1418 4158 innocentes¹
1447 4094 1615 4157 occidunt.
1666 4094 1738 4158 Hae
1770 4114 1894 4160 causae
1920 4094 2103 4178 impediunt
2131 4113 2203 4178 quo

1220 4182 1329 4245 minus
1350 4190 1539 4265 agnoscant
1561 4178 1623 4243 hos
1641 4177 1843 4264 Episcopus
1868 4182 1973 4245 nostri
1989 4180 2204 4246 sacerdotes.

188 3984 264 4031 men
284 3962 363 4032 illae
392 3987 448 4033 ras
470 3971 695 4050 retineantur,
724 3993 812 4058 quae
834 3971 959 4038 habent
981 3975 1172 4038 mandatum

187 4048 265 4130 Dei,
289 4063 323 4116 et
347 4055 596 4136 promissiones.

205 4190 209 4195 .
275 4134 360 4204 lllud
381 4143 487 4225 magis
517 4155 569 4206 est
595 4143 840 4217 necessarium,
875 4141 1062 4229 intelligere
1088 4163 1171 4229 quo·

186 4222 288 4291 modo
309 4225 353 4290 sit
375 4227 532 4292 vtemlum
555 4229 785 4292 sacramentis.
821 4226 883 4294 llio
906 4230 1103 4295 damnamus
1120 4242 1170 4294 to·

187 4320 257 4375 tum
279 4310 437 4396 populum
448 4312 734 4381 Scholasticorom
757 4315 944 4392 doctorum,
967 4317 1168 4401 quidocent,

187 4396 279 4481 quod
306 4411 517 4465 sacramenta
546 4421 614 4465 non
644 4402 779 4486 ponenti
810 4402 962 4480 obicem,
995 4400 1170 4467 conferant

187 4482 327 4630 {retiam
354 4503 397 4548 ex
425 4504 527 4569 opere
549 4499 687 4570 operato
715 4488 789 4552 sine
811 4488 901 4551 bono
923 4498 1013 4550 motu
1035 4488 1167 4552 vtentis.

204 4565 282 4629 laec
298 4566 493 4651 simpliciter
514 4572 649 4639 ludaica
671 4573 781 4654 opinio
804 4585 875 4650 cst,
903 4573 1047 4651 sentire,
1080 4574 1168 4658 qood

187 4671 251 4736 per
271 4657 492 4720 ceremoniam
514 4656 748 4737 laetificemur,
774 4661 848 4723 sine
870 4659 958 4723 hono
982 4670 1071 4722 moto
1094 4679 1168 4724 cnr·

188 4739 258 4816 dis,
292 4737 359 4806 hoc
386 4754 455 4819 est,
484 4743 558 4808 sine
584 4743 659 4809 tide.
704 4743 747 4809 Et
774 4756 883 4810 tannen
908 4742 992 4808 haec
1013 4744 1112 4828 impia
1134 4757 1168 4809 et

185 4824 376 4909 perniciosa
399 4829 523 4976 caninio,
545 4851 667 4916 magna
683 4832 1022 4914 autoritatedocctar,
1046 4832 1077 4894 in
1096 4844 1168 4897 toto

186 4929 294 4995 regno
318 4912 412 4977 Ponti
439 4915 504 4981 cio.
549 4914 674 4982 Paulus
694 4914 856 4982 reclamat
883 4929 916 4981 et
938 4928 1040 5005 negat
1062 4917 1168 4982 Abra·

186 4992 264 5060 ham
286 4997 497 5065 iustificatum
525 5021 603 5068 esse
625 5003 888 5080 circumcisions,
911 5003 972 5067 scd
996 5003 1167 5071 circumci-

187 5082 317 5148 sionem
344 5103 421 5152 ease
458 5088 591 5172 signnm
623 5090 831 5173 propositum
864 5089 908 5154 ad
946 5090 1167 5153 exercendam
1219 5104 1267 5170 ts)
1286 5102 1372 5175 coeto]
1388 5107 1439 5159 Ed.
1458 5108 1500 5159 a:
1518 5109 1575 5160 ecto

187 5165 297 5234 fldem.
342 5170 391 5237 lta
420 5191 484 5237 nus
506 5174 683 5249 docemus,
716 5175 806 5259 quud
835 5176 867 5238 in
891 5194 953 5239 vsu
980 5193 1168 5239 sacramen·
1218 5193 1265 5260 tt)
1285 5190 1418 5263 abnuam]
1438 5194 1487 5246 tad.
1506 5195 1547 5246 aa
1564 5196 1674 5247 abusam

187 5262 296 5320 torum
318 5254 402 5321 tides
424 5258 545 5323 debeat
565 5259 741 5340 accedere,
763 5280 851 5345 quac
869 5262 986 5325 credat
1007 5256 1073 5324 illis
1091 5282 1167 5346 pro·
1218 5280 1266 5346 ts)
1284 5279 1472 5347 scriptoribus]
1490 5282 1540 5332 sd.
1558 5284 1584 5332 a.
1602 5291 1653 5349 app.
1671 5297 1737 5335 m
1754 5268 1933 5346 scriptoittur

186 5341 420 5422 missionibus,
441 5353 475 5409 et
495 5344 638 5430 accipiat
653 5364 711 5411 res
731 5347 938 5432 promissas,
957 5366 1045 5435 quae
1065 5348 1112 5414 ibi
1132 5347 1169 5414 iu
1218 5367 1267 5433 ta)
1284 5365 1491 5434 annonem]
1509 5368 1560 5419 tto.
1577 5369 1603 5418 4.
1623 5374 1675 5436 cyp.
1692 5383 1756 5420 m
1774 5368 1975 5421 commacu

1220 4268 1269 4329 lta
1297 4266 1425 4329 senicia
1454 4264 1696 4413 Episcoforum
1724 4267 1757 4330 io
1788 4278 1984 4345 causaest,
2014 4286 2120 4350 quare
2141 4262 2206 4331 ull·

1221 4352 1298 4416 cubi
1327 4347 1521 4414 dissoluitur
1552 4350 1612 4415 ila
1639 4351 1810 4417 Canonica
1838 4350 1970 4437 politia,
2004 4371 2103 4437 quam
2137 4372 2205 4419 nos

1221 4456 1425 4523 magnopere
1458 4438 1672 4520 cupiebamus
1701 4457 1914 4504 conseruare.
1965 4438 2032 4524 lpsi
2061 4438 2208 4505 viderint

1221 4523 1388 4609 quomodo
1410 4523 1571 4588 rationem
1595 4520 1670 4587 Deo
1698 4525 1856 4589 reddituri
1879 4528 1963 4604 sint,
2018 4525 2084 4588 uod
2107 4524 2208 4589 dissi·

1221 4623 1298 4692 pam
1323 4605 1520 4675 Ecclesiam.
1566 4609 1711 4674 Nostrae
1743 4611 1967 4676 conscientiae
1992 4545 2066 4675 hac
2099 4612 2133 4675 in
2164 4629 2206 4677 rc

1220 4693 1298 4759 nihil
1321 4695 1446 4760 habent
1467 4693 1621 4780 periculi,
1648 4697 1821 4781 quiscum
1845 4699 1991 4762 sciamus
2013 4692 2207 4763 confessio·

1220 4802 1295 4846 nem
1316 4794 1468 4847 nostram
1489 4801 1615 4861 veram,
1635 4784 1725 4869 piam
1746 4795 1780 4849 et
1802 4781 1999 4850 catholicam
2020 4802 2112 4864 esse,
2132 4802 2207 4851 nou
