4756 6194
178 314 245 403 aaa
399 319 411 339 '
520 334 561 400 u
604 332 837 402 moroan
862 299 1181 404 consessionis
1204 331 1524 404 auausrauau
1566 335 1608 401 a.
1651 334 1843 405 aumas.
2126 337 2193 405 aas

180 523 393 609 conquisiuit.
447 525 494 588 At
532 541 614 588 vero
645 523 785 608 prodest
815 522 949 601 audire,
990 522 1157 608 quomedo
1233 518 1286 588 lus
1307 522 1408 588 babet
1428 523 1573 588 duarum
1593 519 1726 607 pbiloso
1748 522 1911 603 hicarum,
1932 542 2031 610 quem
2048 528 2194 612 pietatis.

179 612 287 674 sancti
314 611 377 675 viri
401 609 705 681 administrauerint
731 606 959 692 respublicas,
988 627 1075 693 quos
1102 629 1157 673 ca·
1209 544 1253 672 ht
1280 618 1391 673 tamen
1417 607 1453 673 in
1479 607 1532 672 his
1555 621 1688 673 veteres
1730 628 1787 673 ere
1814 610 1988 693 propiores
2010 623 2089 677 sunt
2110 614 2194 678 scri·

179 714 258 800 sus,
286 710 371 780 quae
399 693 549 799 pericula
568 694 748 800 subierint,
771 694 940 798 quomodc
962 695 1072 798 sancti
1094 693 1158 758 viri
1210 704 1343 779 pturae,
1360 713 1464 797 ‘qupm
1484 694 1698 759 recentiores.
1714 781 1723 798 ο
1741 693 1792 760 lta
1812 697 1919 781 magis
1940 700 2115 783 magisque
2137 700 2193 800 de·
2248 700 2252 709 '

98 846 111 861 ·
178 779 480 932 mittitis
496 777 1159 952 ‘litigiisstietitiitttt
1211 790 1562 942 titillabit,
1576 776 1759 949 1101313
1780 781 1893 932 ..itt
1906 779 2193 936 113131ῗ3ᾞῗ
2268 845 2276 876 ‘

177 949 355 1018 haereticis
376 953 622 1028 dimicationes,
641 963 785 1036 prosunt
806 964 840 1017 et
860 949 1013 1035 exempla
1033 952 1160 1016 miseri·
1210 961 1341 1033 parunt,
1364 971 1464 1036 quam
1484 951 1575 1051 quod
1596 951 1753 1016 videbant
1774 971 1849 1016 eum
1876 950 2044 1039 explicare
2063 956 2192 1020 animos

178 1038 330 1117 cordiae,
358 1053 393 1101 vt
415 1058 489 1103 cum
516 1038 667 1102 videmus
695 1035 797 1102 Petro
828 1038 1052 1103 condonatam
1080 1055 1159 1102 esse
1212 1035 1379 1099 homiuum
1419 1055 1463 1098 cx
1495 1033 1563 1099 dlis
1595 1032 1793 1122 labyrinthis
1822 1036 2131 1106 confusissimamm
2159 1052 2193 1106 et

178 1126 404 1210 negationem,
441 1143 515 1189 cum
554 1124 707 1189 videmus
738 1122 907 1208 Cypriane
936 1123 1159 1188 condonatum
1211 1120 1412 1186 iuiinitarum
1433 1122 1708 1270 disputationum,
1735 1143 1822 1208 quaa
1843 1137 1921 1190 sunt
1941 1126 2031 1211 apud
2053 1125 2196 1193 Schola·

180 1228 270 1287 esse,
291 1209 381 1295 quod
402 1232 434 1275 m
483 1229 522 1274 us
537 1213 591 1291 ³³)
622 1207 754 1286 fuisset,
777 1229 852 1274 cum
873 1209 1024 1274 videmus
1045 1208 1160 1293 Augu·
1211 1208 1318 1272 sticos
1332 1209 1386 1285 δὅ)
1407 1204 1486 1271 theo
1501 1226 1588 1294 ogcs
1610 1217 1645 1271 et
1661 1205 1876 1289 canonistas,
1898 1223 1933 1274 et
1953 1231 2010 1276 res
2032 1211 2130 1279 vtiles
2148 1213 2194 1280 ad

178 1296 300 1359 stiuam
332 1297 366 1358 in
393 1315 467 1360 ntor
491 1315 513 1358 o
546 1313 586 1358 ax
632 1307 717 1360 rtum
746 1295 811 1378 rim
841 1294 935 1374 fidei,
963 1306 1159 1360 constanter
1211 1293 1366 1378 pietatem
1389 1293 1523 1358 docere.
1568 1290 1680 1366 Quare
1707 1314 1775 1358 non
1796 1293 1949 1361 iecerunt
1970 1299 2113 1363 candide
2135 1299 2193 1364 ad·

177 1377 358 1458 affirmare,
380 1383 469 1465 quod
492 1400 573 1445 vere
624 1401 684 1445 eus
706 1381 863 1445 exaudiat
907 1398 1004 1445 reces
1022 1380 1161 1446 creden-
1210 1377 1365 1462 usmarij,
1396 1379 1485 1461 quod
1519 1376 1749 1465 cumtveileut
1776 1400 1840 1446 nos
1862 1384 2018 1447 assentiri
2041 1381 2233 1450 contina.

179 1466 270 1531 tium.
315 1466 512 1531 Huiusmodi
539 1464 710 1550 exempla,
737 1486 825 1552 quae
846 1485 888 1530 ve
921 1466 1020 1531 iidem
1042 1464 1099 1530 vel
1120 1464 1160 1528 ti·
1211 1465 1311 1541 ciam,
1332 1461 1626 1528 dissimulaturum
1642 1466 1780 1531 abusus.
1812 1467 1866 1531 Ac
1883 1469 1912 1533 si
1930 1465 2054 1533 vellent
2074 1468 2192 1535 Eccle-

178 1570 320 1634 morem,
340 1550 396 1616 vel
416 1552 732 1617 administrationem
754 1548 957 1637 reipublicae
979 1552 1160 1628 continent,
1211 1551 1282 1613 siae
1305 1549 1507 1627 consultum,
1529 1550 1671 1616 maxime
1692 1552 1757 1615 istc
1779 1552 1814 1616 in
1835 1550 1931 1632 loco,
1952 1555 1987 1618 br
2008 1554 2075 1619 hac
2092 1575 2193 1622 occa·

178 1637 336 1720 proderat
374 1638 516 1702 recitari.
576 1638 646 1704 Sed
683 1637 863 1702 histriones
902 1636 1035 1722 quidam
1066 1632 1160 1701 nulla
1210 1636 1323 1712 sione,
1351 1635 1519 1699 debebant
1547 1633 1673 1700 hortari
1701 1639 1858 1722 optimum
1880 1638 2131 1724 imperatorem,
2156 1651 2193 1706 vt

96 1744 122 1771 κ
178 1741 289 1807 neque
312 1720 406 1792 fidei.
437 1741 545 1809 neque
571 1743 682 1790 rerum
708 1720 917 1807 publicarum
938 1723 1160 1807 regendarum
1211 1720 1252 1784 da
1275 1721 1483 1806 corrigendis
1514 1722 1676 1787 abusibus
1699 1722 1876 1788 consilium
1905 1737 2059 1808 caperet,
2093 1746 2193 1811 quern

179 1808 320 1873 scientia
352 1809 511 1891 praediti,
543 1808 777 1874 confinxerunt
810 1806 944 1873 fabulas
972 1808 1160 1873 imitacione
1208 1804 1343 1890 quidem
1370 1827 1437 1870 non
1465 1807 1611 1873 obsura
1633 1808 1923 1875 animaduertimus
1946 1813 2191 1895 cupidissimum
2303 1864 2305 1871 .

99 1932 104 1944 ·
179 1891 389 1974 Poematum,
417 1894 451 1957 in
479 1895 599 1979 quibus
627 1905 754 1960 tantum
776 1895 890 1960 insunt
918 1893 1161 1978 supersticiose
1209 1909 1289 1955 essa
1321 1892 1407 1956 bene
1440 1893 1708 1972 constituendae,
1743 1905 1778 1959 et
1808 1897 1979 1961 sanandae
2009 1895 2193 1962 Ecclesiae

179 1977 350 2063 exempla,
371 1979 413 2044 de
436 1982 537 2046 cartis
559 1981 733 2065 precibus,
755 1981 855 2044 certis
877 1979 1026 2062 ieiunijs,
1047 1990 1081 2044 ct
1102 1978 1160 2042 ad·
1210 1977 1279 2043 Sed
1301 1978 1487 2064 aduersarij
1520 1998 1588 2043 non
1616 1977 1684 2043 hoc
1704 1994 1827 2064 agunt,
1853 1992 1892 2045 vt
1919 1981 2192 2065 honestissimam

179 2065 247 2129 dita
275 2077 354 2130 sunt
382 2065 544 2154 quaedam
575 2066 619 2130 ad
646 2079 799 2153 questum
825 2063 992 2130 facientia.
1043 2063 1161 2130 Cuius·
1210 2072 1245 2127 et
1271 2063 1517 2128 sanctissimam
1544 2062 1752 2130 voluntatem
1779 2065 1992 2148 imperatoris
2020 2071 2191 2147 adiuuent,

179 2151 268 2214 modi
298 2164 377 2216 sunt
409 2150 569 2218 miracula
597 2153 639 2216 de
666 2153 807 2236 rosarijs
830 2163 864 2217 et
885 2149 1048 2216 similibus
1068 2169 1160 2215 cere·
1211 2148 1280 2213 Sed
1312 2159 1350 2213 vt
1380 2169 1445 2214 uos
1479 2169 1615 2234 quoquc
1646 2151 1747 2215 modo
1776 2154 1974 2236 opprimant.
2018 2152 2072 2219 De
2099 2165 2193 2219 statu

179 2238 301 2320 monijs
340 2235 495 2340 conficta.
556 2238 676 2322 Neque
713 2259 798 2388 opus
838 2249 891 2301 est
929 2236 984 2303 hic
1017 2237 1161 2300 recitare
1210 2229 1385 2336 llcclesiae
1412 2233 1519 2300 multa
1551 2237 1650 2320 signa
1671 2239 1850 2302 ostendunt
1878 2243 1939 2302 eos
1961 2259 2077 2324 parum
2098 2237 2191 2305 solli·

180 2319 1162 2492 {isthmi‚⁰¹:itlttt?t.”,itt⁰i.t..⁸it
1183 2388 1188 2468 ι
1210 2321 2193 2495 1111131111111113311111311111

179 2504 258 2558 sunt
289 2513 356 2558 non
402 2494 575 2561 dissimilia
612 2495 701 2559 veris
732 2495 977 2559 narrationibus
1010 2492 1160 2558 Luciani.
1182 2476 1189 2564 i
1210 2491 1382 2556 stioorun.
1421 2489 1619 2556 Manifestos
1640 2494 1766 2558 abusus
1785 2514 1875 2560 noua
1892 2505 1925 2559 et
1944 2497 2101 2582 inusitata
2118 2516 2193 2561 cru·

179 2578 239 2644 llis
273 2580 478 2666 prodigiosis
506 2590 540 2645 et
567 2581 693 2665 impijs-·
707 2578 830 2645 sabulis
855 2578 1061 2663 applaudunt
1082 2576 1161 2662 Epi·
1211 2575 1348 2642 delitate
1376 2575 1567 2642 deienduut.
1622 2575 1743 2644 Nullos
1769 2580 1947 2663 paciuntur
1967 2583 2002 2646 in
2026 2580 2194 2667 Ecclesijs

180 2667 288 2747 scopi,
319 2661 503 2751 Theologi,
538 2664 715 2745 Monacbi‚
748 2667 826 2752 quia
856 2663 984 2731 iaciunt
1015 2662 1093 2748 πρὸς
1124 2662 1162 2727 rol
1210 2661 1350 2726 idoneos
1379 2661 1546 2728 doctores.
1602 2661 1790 2748 Haecque
1818 2677 1988 2748 spectent,
2023 2667 2102 2732 boni
2130 2666 2195 2732 viri

180 2749 307 2832 ἄλφιτα,
349 2749 422 2813 Nos
449 2769 516 2816 non
545 2748 673 2830 ierunt,
701 2753 758 2836 qui
787 2763 823 2816 vt
845 2748 969 2816 Christi
997 2749 1106 2815 honos
1129 2758 1163 2814 et
1211 2742 1311 2813 facile
1332 2747 1477 2813 iudicare
1491 2751 1545 2826 ⁸⁶)
1565 2759 1717 2898 possunt.
1753 2750 1821 2815 Sed
1844 2751 1908 2816 bac
1929 2754 1985 2818 via
2002 2772 2110 2838 neque
2128 2771 2195 2817 suc

180 2831 326 2901 cilicium
354 2836 461 2922 magis
490 2837 638 2922 conspici
659 2840 782 2922 possit,
808 2857 876 2901 non
899 2858 936 2901 re
959 2837 1096 2901 uirimus
1117 2837 1163 2899 in·
1211 2851 1334 2917 regno,
1364 2852 1473 2919 neque
1494 2832 1565 2899 Ecc
1579 2835 1669 2899 asiae
1698 2836 1785 2899 bene
1800 2838 1852 2912 ³⁷)
1875 2834 2065 2902 consulunt.
2108 2837 2195 2902 Nam

182 2922 390 2986 uocationem
417 2936 629 3001 sanctorum,
650 2934 684 2987 et
705 2926 832 2989 abusus
855 2925 888 2987 in
912 2943 931 2986 c
969 2934 1005 2988 tu
1027 2933 1163 2986 sancto-
1212 2915 1393 2983 intersectis
1411 2919 1509 2984 bonis
1528 2921 1734 2998 doctoribus,
1751 2941 1916 3005 oppressa
1933 2922 2194 3002 sanadoctrina,

180 3028 254 3072 rum
275 3018 446 3085 tammus,
468 3006 618 3094 Cumque
639 3028 755 3073 omnes
778 3011 857 3074 boni
878 3010 940 3073 viri
962 3009 1019 3073 vbi
1043 3026 1085 3071 ue
1106 3008 1164 3073 de·
1210 3015 1331 3089 postea
1353 3006 1496 3070 existent
1516 3001 1653 3072 fanatici
1675 3007 1823 3089 spiritus,
1846 3027 1931 3092 quos
1952 3028 2021 3072 non
2037 3017 2196 3092 poterunt

181 3093 331 3157 siderent
362 3094 397 3157 in
428 3094 482 3157 his
515 3093 674 3159 abusibus
703 3095 910 3179 corrigendis
938 3091 993 3158 vel
1020 3029 1164 3176 hpisoo·
1212 3091 1392 3174 reprimere
1412 3092 1612 3179 aduersarij,
1635 3093 1692 3177 qui
1714 3101 1749 3157 et
1769 3090 1957 3158 Ecclesiam
1979 3094 2089 3179 impijs
2113 3095 2196 3179 dog·

181 3196 298 3263 porum
319 3180 546 3258 autoritatem,
574 3174 630 3244 vel
651 3176 856 3265 diligentiam
883 3180 1162 3256 concionantium,
1212 3176 1355 3241 mutibus
1375 3178 1635 3258 perturbabunt,
1662 3188 1821 3242 ettotam
1843 3176 2115 3244 Ecclesiasticam
2136 3199 2196 3262 po·

148 3266 152 3277 '
180 3274 290 3328 tamen
329 3264 514 3346 aduersarij
555 3266 663 3331 nostri
694 3266 729 3330 in
762 3262 996 3330 confutacione
1029 3265 1163 3327 omnino
1211 3259 1315 3326 litium
1337 3272 1497 3341 euerteut,
1520 3283 1619 3348 quarn
1640 3283 1705 3328 uos
1726 3265 1868 3328 maxime
1885 3285 1928 3329 cu
1951 3265 2038 3330 imus
2061 3282 2196 3332 conser-

141 3408 145 3416 .
181 3346 389 3415 dissimulant
422 3352 519 3415 etiam
551 3346 729 3415 manifesta
760 3351 858 3428 vitia,
897 3351 994 3437 quasi
1027 3360 1164 3433 recepta
1212 3366 1304 3412 uara.
1360 3344 1473 3419 Quare
1499 3359 1533 3413 te
1562 3350 1685 3434 optime
1707 3349 1889 3433 imperator
1912 3285 2037 3415 gerula
2057 3360 2197 3436 propter

181 3431 435 3513 confutacione,
462 3433 566 3501 velint
592 3455 656 3501 nos
683 3454 808 3521 cogere
835 3447 873 3501 vt
899 3435 998 3500 etiam
1026 3435 1161 3499 notissi·
1213 3429 1355 3518 gloriam
1387 3431 1513 3498 Christi
1540 3453 1640 3519 quam
1671 3432 1756 3498 nibil
1783 3436 1971 3499 dubitamus
1997 3447 2031 3500 te
2059 3454 2197 3520 cupere,

180 3521 676 3672 titaitiffisttiit‘isst.
695 3519 766 3671 li.
778 3516 979 3673 *1110ἶί1
982 3522 1163 3671 “sisti
1214 3518 2197 3672 1113111111ῐῇ1111311111ἒὲ1111

203 3711 256 3756 ue.
299 3690 420 3757 Nullus
447 3704 501 3758 est
526 3690 626 3756 locus
650 3693 685 3756 in
714 3713 781 3777 quo
811 3653 1067 3779 adogmatibus
1089 3691 1162 3756 suis
1215 3709 1273 3753 ras
1302 3687 1386 3754 elias
1417 3689 1578 3754 honestas
1601 3691 1674 3752 vias
1697 3691 1897 3754 concordiae
1920 3650 1969 3755 ita
1991 3628 2196 3757 constiluen·
2257 3682 2264 3693 ’

180 3710 372 3841 discernant
389 3775 587 3842 manifestos
603 3780 743 3855 abusus,
761 3776 804 3842 Et
821 3789 970 3843 tamena
993 3777 1038 3843 ud
1055 3777 1162 3861 ipsus,
1214 3775 1301 3851 dae,
1330 3794 1373 3838 ne
1394 3774 1470 3858 piae
1491 3775 1718 3839 conscientiae
1740 3785 1941 3861 grauantur,
1962 3795 2049 3842 neue
2070 3779 2196 3844 seuicia

181 3862 209 3925 si
237 3862 293 3945 qui
320 3872 397 3925 sunt
420 3863 594 3939 saniores,
622 3859 785 3940 fatentur,
814 3861 936 3928 multas
973 3861 1067 3927 alsus
1088 3882 1163 3946 per·
1212 3856 1325 3944 aliqua
1350 3862 1384 3922 in
1406 3859 1557 3923 homines
1579 3861 1796 3937 innocentes,
1827 3861 1916 3925 sicut
1936 3862 2100 3929 hactenus
2122 3864 2195 3928 lieri

181 3948 357 4011 suasiones
389 3947 530 4011 haerere
564 3948 598 4010 in
629 3948 781 4012 doctrina
808 3945 1098 4014 Scholasticorum
1129 3957 1164 4011 et
1214 3945 1373 4024 vidimus,
1412 3955 1624 4026 exerceatur,
1663 3964 1750 4009 neue
1782 3964 1867 4010 sana
1880 3949 1934 4025 88)
1976 3948 2128 4013 doctrina
2161 3949 2196 4013 in

181 4030 455 4109 Ganonistarum,
487 4030 610 4096 multos
640 4045 815 4117 praeterea
841 4035 969 4098 abusus
999 4032 1035 4095 in
1068 4043 1163 4096 mnia
1214 4025 1367 4095 Ecclesia
1399 4031 1614 4116 opprimatur.
1664 4030 1738 4096 lloc
1770 4029 1917 4097 cilicium
1944 4030 2020 4099 Deo
2054 4035 2197 4099 maxime

181 4117 311 4182 inscitia
333 4128 366 4181 et
387 4116 591 4204 negligentia
612 4128 782 4202 pastorum
799 4118 977 4201 irrepsisse
993 4117 1028 4181 in
1046 4113 1163 4181 Eccle·
1214 4117 1358 4181 omnium
1379 4116 1495 4194 debes,
1512 4136 1628 4181 sanam
1646 4116 1830 4180 doctrinam
1849 4137 2053 4183 conseruare
2069 4134 2104 4184 et
2119 4139 2197 4206 pro·
2306 4185 2308 4189 .

181 4203 277 4268 siam.
315 4203 448 4289 ,Neque
479 4205 566 4301 erp‘rn
594 4204 720 4288 primus
752 4201 813 4269 fuit
839 4202 1007 4269 botherus
1037 4202 1093 4286 qui
1121 4203 1163 4266 de
1214 4221 1339 4287 pagare
1370 4202 1413 4266 ad
1445 4212 1620 4287 posteros,
1646 4212 1681 4266 et
1701 4200 1881 4268 defendere
1909 4215 2002 4270 reeta
2021 4204 2194 4270 docentes.

181 4285 324 4374 publicis
356 4291 524 4355 abusibus·
550 4299 755 4375 quereretur.
770 4292 824 4368 84)
879 4287 973 4355 Multi
1005 4288 1096 4353 docti
1130 4297 1163 4351 et
1214 4287 1252 4351 ld
1279 4287 1366 4351 anim
1391 4285 1540 4373 postulat
1566 4286 1660 4352 Deus
1683 4307 1768 4352 uum
1798 4287 1911 4374 Reges
1944 4300 2042 4355 ornat
2055 4295 2109 4368 89)
2137 4310 2197 4356 no·

181 4387 392 4458 praestantes
413 4377 475 4441 viri
497 4373 600 4461 longe
626 4385 704 4440 aute
731 4373 818 4440 baec
839 4386 989 4460 tempora
1010 4369 1163 4459 deplora·
1213 4373 1301 4436 mine
1321 4392 1403 4451 suo,
1435 4384 1469 4438 ct
1489 4370 1584 4437 Deos
1612 4371 1778 4458 appellat,
1808 4375 1984 4459 inquiens,
2015 4374 2089 4460 Ego
2115 4376 2195 4454 dixi,

181 4471 301 4526 uerunt
321 4465 448 4527 abusus
468 4459 608 4541 Missae,
629 4460 784 4526 fiduciam
805 4461 1075 4527 obseruationum
1092 4458 1163 4524 llo·
1213 4457 1269 4540 Dij
1288 4460 1380 4536 estis,
1401 4470 1439 4524 vt
1458 4477 1513 4522 res
1530 4457 1672 4539 diuinas,
1694 4458 1761 4527 hoc
1778 4473 1843 4538 est,
1863 4458 2081 4548 Euangelium
2100 4460 2195 4527 Chri·

181 4549 404 4625 uastiearum,
427 4558 650 4631 quaestuosos
674 4545 785 4612 cultus
807 4560 1016 4624 sanctorum,
1046 4542 1163 4611 coniu·
1213 4546 1258 4609 sti
1278 4545 1313 4610 in
1333 4545 1433 4610 terris
1455 4547 1649 4610 conseruari
1670 4556 1705 4611 et
1720 4549 1901 4633 propagari
1919 4557 2047 4625 curent,
2069 4557 2103 4613 et
2120 4558 2193 4613 tau·

183 4633 311 4698 sionem
331 4635 503 4737 doetrinae
526 4634 567 4698 de
589 4633 802 4736 poenitentia,
824 4653 923 4719 quam
944 4628 999 4697 vel
1021 4631 1164 4695 maxime

182 4715 1082 4889 destitistis?{sistentes
1098 4714 1164 4866 ’Ξῖ

181 4890 331 4956 siderare
346 4891 481 4956 modum
497 4890 531 4954 in
542 4887 755 4958 Scholastica
772 4889 935 4969 doctrina,
953 4907 1040 4974 quae
1056 4884 1163 4957 multo
1214 4903 1262 4969 at)
1279 4901 1470 4969 stromateas]
1487 4903 1537 4955 tta.
1555 4903 1596 4955 a:
1615 4902 1778 4958 seruum·

1214 4988 1477 5056 ³6)iudicare]1ld.
1496 4981 1521 5039 3'.
1540 4997 1591 5056 typ.
1611 5007 1673 5043 em:
1692 4992 1804 5043 iudicari

185 5063 388 5074 ““““““
1214 5074 1575 5140 aerumnosaque.
1594 5077 1868 5130 sermonum
1989 5128 1992 5135 ,
2028 5120 2031 5131 .
2165 5112 2167 5119 .

184 5163 233 5228 33)
251 5164 353 5230 mam]
369 5162 420 5216 aa
439 5165 480 5217 a..
497 5165 581 5231 mgr.
842 5194 845 5203 .
1213 5158 1262 5226 aa)
1280 5159 1354 5227 una]
1373 5146 1425 5212 uu.
1444 5162 1485 5212 s.=
1503 5175 1551 5213 ιω

183 5248 423 5319 linquerentur]
442 5251 493 5303 lid.
512 5251 537 5303 3.
554 5250 631 5305 maier
649 5254 826 5317 quereretur.
1213 5244 1262 5310 8⁹)
1279 5243 1369 5312 crum}
1386 5246 1437 5298 ild.
1455 5247 1495 5299 ⁴.:
1513 5255 1610 5332 eruent

389 5367 540 5414 ΙΙΙΔΙΤΙ.
551 5365 817 5412 ommam.
