<?xml version="1.0" encoding="UTF-8"?>
<!DOCTYPE html PUBLIC "-//W3C//DTD XHTML 1.0 Transitional//EN"
    "http://www.w3.org/TR/xhtml1/DTD/xhtml1-transitional.dtd">
<html xmlns="http://www.w3.org/1999/xhtml" xml:lang="en" lang="en">
 <head>
  <title>
</title>
<meta http-equiv="Content-Type" content="text/html;charset=utf-8" />
  <meta name='ocr-system' content='tesseract 3.04.00' />
  <meta name='ocr-capabilities' content='ocr_page ocr_carea ocr_par ocr_line ocrx_word'/>
</head>
<body>
  <div class='ocr_page' id='page_1' title='image "./philippimelanth00melagoog_0207.png"; bbox 0 0 4756 6194; ppageno 0'>
   <div class='ocr_carea' id='block_1_1' title="bbox 176 340 2194 429">
    <p class='ocr_par' dir='ltr' id='par_1_1' title="bbox 176 340 2194 429">
     <span class='ocr_line' id='line_1_1' title="bbox 176 340 2194 429; baseline -0.001 -14"><span class='ocrx_word' id='word_1_1' title='bbox 176 346 242 415; x_wconf 56' lang='grc' dir='ltr'><em>Ἢ</em></span> <span class='ocrx_word' id='word_1_2' title='bbox 527 346 567 412; x_wconf 87' lang='grc' dir='ltr'><strong><em>ΙΙ.</em></strong></span> <span class='ocrx_word' id='word_1_3' title='bbox 609 342 843 411; x_wconf 68' lang='lat' dir='ltr'><strong><em>APOLOGiA</em></strong></span> <span class='ocrx_word' id='word_1_4' title='bbox 864 340 1187 410; x_wconf 73' lang='lat' dir='ltr'><strong><em>obbehssmliis</em></strong></span> <span class='ocrx_word' id='word_1_5' title='bbox 1208 340 1523 411; x_wconf 74' lang='lat' dir='ltr'><strong><em>AUGUSPANAE.</em></strong></span> <span class='ocrx_word' id='word_1_6' title='bbox 1568 341 1608 408; x_wconf 86' lang='lat' dir='ltr'><strong><em>B.</em></strong></span> <span class='ocrx_word' id='word_1_7' title='bbox 1651 341 1841 414; x_wconf 76' lang='lat' dir='ltr'><strong><em>Anthus.</em></strong></span> <span class='ocrx_word' id='word_1_8' title='bbox 2024 345 2027 352; x_wconf 86' lang='grc'><strong>’</strong></span> <span class='ocrx_word' id='word_1_9' title='bbox 2120 345 2194 429; x_wconf 75' lang='lat' dir='ltr'><strong><em>beo</em></strong></span> 
     </span>
    </p>
   </div>
   <div class='ocr_carea' id='block_1_2' title="bbox 175 527 2189 872">
    <p class='ocr_par' dir='ltr' id='par_1_2' title="bbox 175 527 2189 872">
     <span class='ocr_line' id='line_1_2' title="bbox 177 527 2189 616; baseline 0 -20"><span class='ocrx_word' id='word_1_10' title='bbox 177 532 329 596; x_wconf 82' lang='lat' dir='ltr'><strong><em>Pericdes</em></strong></span> <span class='ocrx_word' id='word_1_11' title='bbox 346 535 556 615; x_wconf 80' lang='lat' dir='ltr'><strong><em>pennenserit,</em></strong></span> <span class='ocrx_word' id='word_1_12' title='bbox 575 551 603 598; x_wconf 82' lang='lat' dir='ltr'><strong><em>e.</em></strong></span> <span class='ocrx_word' id='word_1_13' title='bbox 626 552 655 614; x_wconf 79' lang='lat' dir='ltr'><strong><em>g.</em></strong></span> <span class='ocrx_word' id='word_1_14' title='bbox 674 531 790 594; x_wconf 88' lang='lat' dir='ltr'><strong><em>iuiiium</em></strong></span> <span class='ocrx_word' id='word_1_15' title='bbox 809 529 871 593; x_wconf 89' lang='lat' dir='ltr'><strong><em>tale</em></strong></span> <span class='ocrx_word' id='word_1_16' title='bbox 891 538 972 591; x_wconf 74' lang='lat' dir='ltr'><strong><em>ereis</em></strong></span> <span class='ocrx_word' id='word_1_17' title='bbox 991 529 1031 590; x_wconf 87' lang='lat' dir='ltr'><strong><em>In</em></strong></span> <span class='ocrx_word' id='word_1_18' title='bbox 1052 538 1184 611; x_wconf 65' lang='lat' dir='ltr'><strong><em>mato,</em></strong></span> <span class='ocrx_word' id='word_1_19' title='bbox 1201 533 1312 612; x_wconf 83' lang='lat' dir='ltr'><strong><em>quinto</em></strong></span> <span class='ocrx_word' id='word_1_20' title='bbox 1331 539 1362 593; x_wconf 87' lang='lat' dir='ltr'><strong><em>et</em></strong></span> <span class='ocrx_word' id='word_1_21' title='bbox 1384 536 1476 591; x_wconf 74' lang='lat' dir='ltr'><strong><em>seete</em></strong></span> <span class='ocrx_word' id='word_1_22' title='bbox 1492 527 1571 590; x_wconf 77' lang='lat' dir='ltr'><strong><em>iaec</em></strong></span> <span class='ocrx_word' id='word_1_23' title='bbox 1588 529 1913 609; x_wconf 63' lang='lat' dir='ltr'><strong><em>decemremem,</em></strong></span> <span class='ocrx_word' id='word_1_24' title='bbox 1933 533 2018 615; x_wconf 81' lang='lat' dir='ltr'><strong><em>quod</em></strong></span> <span class='ocrx_word' id='word_1_25' title='bbox 2039 554 2189 616; x_wconf 72' lang='lat' dir='ltr'><strong><em>nepem</em></strong></span> 
     </span>
     <span class='ocr_line' id='line_1_3' title="bbox 175 614 2188 702; baseline 0.001 -21"><span class='ocrx_word' id='word_1_26' title='bbox 175 620 314 682; x_wconf 80' lang='lat' dir='ltr'><strong><em>dominer</em></strong></span> <span class='ocrx_word' id='word_1_27' title='bbox 330 623 441 681; x_wconf 84' lang='lat' dir='ltr'><strong><em>mereri</em></strong></span> <span class='ocrx_word' id='word_1_28' title='bbox 461 623 598 702; x_wconf 77' lang='lat' dir='ltr'><strong><em>pretium</em></strong></span> <span class='ocrx_word' id='word_1_29' title='bbox 619 626 652 680; x_wconf 91' lang='lat' dir='ltr'><strong><em>ct</em></strong></span> <span class='ocrx_word' id='word_1_30' title='bbox 672 619 825 678; x_wconf 81' lang='lat' dir='ltr'><strong><em>iustitiam</em></strong></span> <span class='ocrx_word' id='word_1_31' title='bbox 838 617 985 696; x_wconf 77' lang='lat' dir='ltr'><strong><em>propriis</em></strong></span> <span class='ocrx_word' id='word_1_32' title='bbox 1005 615 1161 695; x_wconf 83' lang='lat' dir='ltr'><strong><em>operibor.</em></strong></span> <span class='ocrx_word' id='word_1_33' title='bbox 1205 616 1284 677; x_wconf 86' lang='lat' dir='ltr'><strong><em>Item</em></strong></span> <span class='ocrx_word' id='word_1_34' title='bbox 1305 616 1392 700; x_wconf 82' lang='lat' dir='ltr'><strong><em>qnod</em></strong></span> <span class='ocrx_word' id='word_1_35' title='bbox 1408 616 1540 676; x_wconf 74' lang='lat' dir='ltr'><strong><em>elicimus</em></strong></span> <span class='ocrx_word' id='word_1_36' title='bbox 1562 614 1712 678; x_wconf 69' lang='lat' dir='ltr'><strong><em>imoimo</em></strong></span> <span class='ocrx_word' id='word_1_37' title='bbox 1726 616 1796 695; x_wconf 61' lang='lat' dir='ltr'><strong><em>pide</em></strong></span> <span class='ocrx_word' id='word_1_38' title='bbox 1818 619 1992 697; x_wconf 78' lang='lat' dir='ltr'><strong><em>iustificari,</em></strong></span> <span class='ocrx_word' id='word_1_39' title='bbox 2015 629 2131 700; x_wconf 77' lang='lat' dir='ltr'><strong><em>neynnt</em></strong></span> <span class='ocrx_word' id='word_1_40' title='bbox 2152 640 2188 682; x_wconf 85' lang='lat' dir='ltr'><strong><em>re</em></strong></span> 
     </span>
     <span class='ocr_line' id='line_1_4' title="bbox 177 700 2187 788; baseline 0.001 -21"><span class='ocrx_word' id='word_1_41' title='bbox 177 706 355 782; x_wconf 70' lang='lat' dir='ltr'><strong><em>admittere,</em></strong></span> <span class='ocrx_word' id='word_1_42' title='bbox 372 705 460 788; x_wconf 76' lang='lat' dir='ltr'><strong><em>qnod</em></strong></span> <span class='ocrx_word' id='word_1_43' title='bbox 480 705 641 768; x_wconf 74' lang='lat' dir='ltr'><strong><em>tributam</em></strong></span> <span class='ocrx_word' id='word_1_44' title='bbox 657 704 908 782; x_wconf 72' lang='lat' dir='ltr'><strong><em>testificationem</em></strong></span> <span class='ocrx_word' id='word_1_45' title='bbox 924 700 1018 782; x_wconf 73' lang='lat' dir='ltr'><strong><em>fidei,</em></strong></span> <span class='ocrx_word' id='word_1_46' title='bbox 1041 721 1108 762; x_wconf 83' lang='lat' dir='ltr'><strong><em>cum</em></strong></span> <span class='ocrx_word' id='word_1_47' title='bbox 1131 701 1169 763; x_wconf 88' lang='lat' dir='ltr'><strong><em>id</em></strong></span> <span class='ocrx_word' id='word_1_48' title='bbox 1186 704 1348 784; x_wconf 75' lang='lat' dir='ltr'><strong><em>pertineat</em></strong></span> <span class='ocrx_word' id='word_1_49' title='bbox 1376 702 1421 762; x_wconf 86' lang='lat' dir='ltr'><strong><em>ad</em></strong></span> <span class='ocrx_word' id='word_1_50' title='bbox 1442 704 1579 782; x_wconf 73' lang='lat' dir='ltr'><strong><em>pretinm</em></strong></span> <span class='ocrx_word' id='word_1_51' title='bbox 1604 709 1634 762; x_wconf 80' lang='lat' dir='ltr'><strong><em>et</em></strong></span> <span class='ocrx_word' id='word_1_52' title='bbox 1657 704 1831 763; x_wconf 84' lang='lat' dir='ltr'><strong><em>ceritatem.</em></strong></span> <span class='ocrx_word' id='word_1_53' title='bbox 1876 703 1927 764; x_wconf 88' lang='lat' dir='ltr'><strong><em>Ito</em></strong></span> <span class='ocrx_word' id='word_1_54' title='bbox 1951 713 2058 785; x_wconf 84' lang='lat' dir='ltr'><strong><em>operte</em></strong></span> <span class='ocrx_word' id='word_1_55' title='bbox 2081 705 2187 769; x_wconf 67' lang='lat' dir='ltr'><strong><em>enchi·</em></strong></span> 
     </span>
     <span class='ocr_line' id='line_1_5' title="bbox 176 785 2186 872; baseline 0 -19"><span class='ocrx_word' id='word_1_56' title='bbox 176 791 256 853; x_wconf 75' lang='lat' dir='ltr'><strong><em>don</em></strong></span> <span class='ocrx_word' id='word_1_57' title='bbox 274 791 450 852; x_wconf 72' lang='lat' dir='ltr'><strong><em>odcmserie‘</em></strong></span> <span class='ocrx_word' id='word_1_58' title='bbox 463 789 556 871; x_wconf 77' lang='lat' dir='ltr'><strong><em>fidem</em></strong></span> <span class='ocrx_word' id='word_1_59' title='bbox 572 809 594 850; x_wconf 92' lang='lat' dir='ltr'><strong><em>o</em></strong></span> <span class='ocrx_word' id='word_1_60' title='bbox 614 790 844 868; x_wconf 77' lang='lat' dir='ltr'><strong><em>iustificatione.</em></strong></span> <span class='ocrx_word' id='word_1_61' title='bbox 875 792 909 863; x_wconf 90' lang='lat'><strong><em>3)</em></strong></span> <span class='ocrx_word' id='word_1_62' title='bbox 936 787 1117 848; x_wconf 82' lang='lat' dir='ltr'><strong><em>divisionem</em></strong></span> <span class='ocrx_word' id='word_1_63' title='bbox 1140 788 1170 848; x_wconf 86' lang='lat' dir='ltr'><strong><em>in</em></strong></span> <span class='ocrx_word' id='word_1_64' title='bbox 1192 787 1310 868; x_wconf 86' lang='lat' dir='ltr'><strong><em>prolixo</em></strong></span> <span class='ocrx_word' id='word_1_65' title='bbox 1335 789 1396 850; x_wconf 87' lang='lat' dir='ltr'><strong><em>hoc</em></strong></span> <span class='ocrx_word' id='word_1_66' title='bbox 1419 786 1558 848; x_wconf 83' lang='lat' dir='ltr'><strong><em>Articulo</em></strong></span> <span class='ocrx_word' id='word_1_67' title='bbox 1577 786 1677 849; x_wconf 88' lang='lat' dir='ltr'><strong><em>denuo</em></strong></span> <span class='ocrx_word' id='word_1_68' title='bbox 1706 788 1867 849; x_wconf 76' lang='lat' dir='ltr'>addidisse</span> <span class='ocrx_word' id='word_1_69' title='bbox 1895 785 2071 872; x_wconf 74' lang='lat' dir='ltr'><strong>Philippum</strong></span> <span class='ocrx_word' id='word_1_70' title='bbox 2093 799 2186 872; x_wconf 88' lang='lat' dir='ltr'><strong><em>etque</em></strong></span> 
     </span>
    </p>
   </div>
   <div class='ocr_carea' id='block_1_3' title="bbox 176 870 2305 959">
    <p class='ocr_par' dir='ltr' id='par_1_3' title="bbox 176 870 2305 959">
     <span class='ocr_line' id='line_1_6' title="bbox 176 870 2305 959; baseline 0 -21"><span class='ocrx_word' id='word_1_71' title='bbox 176 870 344 959; x_wconf 81' lang='lat' dir='ltr'><strong><em>Perioopee</em></strong></span> <span class='ocrx_word' id='word_1_72' title='bbox 362 877 577 957; x_wconf 76' lang='lat' dir='ltr'><strong><em>inscripsisse3</em></strong></span> <span class='ocrx_word' id='word_1_73' title='bbox 598 873 678 956; x_wconf 79' lang='lat' dir='ltr'><strong><em>qril&#39;d</em></strong></span> <span class='ocrx_word' id='word_1_74' title='bbox 695 874 737 934; x_wconf 79' lang='lat' dir='ltr'><strong><em>sit</em></strong></span> <span class='ocrx_word' id='word_1_75' title='bbox 749 873 831 954; x_wconf 80' lang='lat' dir='ltr'><strong><em>fides</em></strong></span> <span class='ocrx_word' id='word_1_76' title='bbox 852 873 1042 951; x_wconf 76' lang='lat' dir='ltr'><strong><em>testificans,</em></strong></span> <span class='ocrx_word' id='word_1_77' title='bbox 1064 871 1151 954; x_wconf 81' lang='lat' dir='ltr'><strong><em>quod</em></strong></span> <span class='ocrx_word' id='word_1_78' title='bbox 1168 872 1250 954; x_wconf 74' lang='lat' dir='ltr'><strong><em>fides</em></strong></span> <span class='ocrx_word' id='word_1_79' title='bbox 1273 877 1307 933; x_wconf 84' lang='lat' dir='ltr'><strong><em>in</em></strong></span> <span class='ocrx_word' id='word_1_80' title='bbox 1336 873 1492 936; x_wconf 75' lang='lat' dir='ltr'><strong><em>Christum</em></strong></span> <span class='ocrx_word' id='word_1_81' title='bbox 1513 874 1676 953; x_wconf 80' lang='lat' dir='ltr'><strong><em>tristificet,</em></strong></span> <span class='ocrx_word' id='word_1_82' title='bbox 1693 874 1779 956; x_wconf 84' lang='lat' dir='ltr'><strong><em>quod</em></strong></span> <span class='ocrx_word' id='word_1_83' title='bbox 1800 877 2012 937; x_wconf 73' lang='lat' dir='ltr'><strong><em>reodnionem</em></strong></span> <span class='ocrx_word' id='word_1_84' title='bbox 2037 883 2187 959; x_wconf 85' lang='lat' dir='ltr'><strong><em>peccato·</em></strong></span> <span class='ocrx_word' id='word_1_85' title='bbox 2301 884 2305 903; x_wconf 83' lang='lat'><strong><em>⁴</em></strong></span> 
     </span>
    </p>
   </div>
   <div class='ocr_carea' id='block_1_4' title="bbox 175 955 2266 1642">
    <p class='ocr_par' dir='ltr' id='par_1_4' title="bbox 175 955 2266 1642">
     <span class='ocr_line' id='line_1_7' title="bbox 176 955 2186 1042; baseline 0 -19"><span class='ocrx_word' id='word_1_86' title='bbox 176 983 244 1023; x_wconf 78' lang='lat' dir='ltr'><strong><em>cmo</em></strong></span> <span class='ocrx_word' id='word_1_87' title='bbox 265 961 334 1024; x_wconf 82' lang='lat' dir='ltr'><strong><em>solo</em></strong></span> <span class='ocrx_word' id='word_1_88' title='bbox 353 963 417 1036; x_wconf 73' lang='lat' dir='ltr'><strong><em>fide</em></strong></span> <span class='ocrx_word' id='word_1_89' title='bbox 437 965 471 1022; x_wconf 83' lang='lat' dir='ltr'><strong><em>in</em></strong></span> <span class='ocrx_word' id='word_1_90' title='bbox 494 959 650 1023; x_wconf 73' lang='lat' dir='ltr'><strong><em>Christum</em></strong></span> <span class='ocrx_word' id='word_1_91' title='bbox 668 979 900 1042; x_wconf 76' lang='lat' dir='ltr'><strong><em>consequamur,</em></strong></span> <span class='ocrx_word' id='word_1_92' title='bbox 923 958 963 1018; x_wconf 75' lang='grc' dir='ltr'><strong><em>(ιε</em></strong></span> <span class='ocrx_word' id='word_1_93' title='bbox 981 957 1151 1020; x_wconf 75' lang='lat' dir='ltr'><strong><em>dilectione</em></strong></span> <span class='ocrx_word' id='word_1_94' title='bbox 1168 965 1199 1021; x_wconf 86' lang='lat' dir='ltr'><strong><em>et</em></strong></span> <span class='ocrx_word' id='word_1_95' title='bbox 1220 957 1400 1039; x_wconf 75' lang='lat' dir='ltr'><strong><em>impletione</em></strong></span> <span class='ocrx_word' id='word_1_96' title='bbox 1416 958 1507 1038; x_wconf 70' lang='lat' dir='ltr'><strong><em>lepis,</em></strong></span> <span class='ocrx_word' id='word_1_97' title='bbox 1529 956 1706 1038; x_wconf 74' lang='lat' dir='ltr'><strong><em>Responsio</em></strong></span> <span class='ocrx_word' id='word_1_98' title='bbox 1724 960 1769 1021; x_wconf 88' lang='lat' dir='ltr'><strong><em>od</em></strong></span> <span class='ocrx_word' id='word_1_99' title='bbox 1790 962 1974 1040; x_wconf 79' lang='lat' dir='ltr'><strong><em>crpumento&#39;</em></strong></span> <span class='ocrx_word' id='word_1_100' title='bbox 1990 955 2186 1023; x_wconf 65' lang='lat' dir='ltr'><strong><em>mensorio·</em></strong></span> 
     </span>
     <span class='ocr_line' id='line_1_8' title="bbox 175 1042 2188 1128; baseline -0 -18"><span class='ocrx_word' id='word_1_101' title='bbox 175 1069 259 1126; x_wconf 74' lang='lat' dir='ltr'><strong><em>rim,</em></strong></span> <span class='ocrx_word' id='word_1_102' title='bbox 282 1066 361 1127; x_wconf 87' lang='lat' dir='ltr'><strong><em>quee</em></strong></span> <span class='ocrx_word' id='word_1_103' title='bbox 379 1049 490 1108; x_wconf 84' lang='lat' dir='ltr'><strong><em>divisio</em></strong></span> <span class='ocrx_word' id='word_1_104' title='bbox 508 1046 707 1126; x_wconf 76' lang='lat' dir='ltr'><strong><em>repetitiones</em></strong></span> <span class='ocrx_word' id='word_1_105' title='bbox 730 1042 914 1116; x_wconf 78' lang='lat' dir='ltr'><strong><em>succidisse,</em></strong></span> <span class='ocrx_word' id='word_1_106' title='bbox 934 1051 966 1105; x_wconf 92' lang='lat' dir='ltr'><strong><em>et</em></strong></span> <span class='ocrx_word' id='word_1_107' title='bbox 983 1044 1162 1105; x_wconf 77' lang='lat' dir='ltr'><strong><em>brevitatem</em></strong></span> <span class='ocrx_word' id='word_1_108' title='bbox 1186 1052 1257 1105; x_wconf 84' lang='lat' dir='ltr'><strong><em>ente</em></strong></span> <span class='ocrx_word' id='word_1_109' title='bbox 1279 1046 1440 1107; x_wconf 84' lang='lat' dir='ltr'><strong><em>indiceism</em></strong></span> <span class='ocrx_word' id='word_1_110' title='bbox 1465 1044 1627 1106; x_wconf 84' lang='lat' dir='ltr'><strong><em>induxisse</em></strong></span> <span class='ocrx_word' id='word_1_111' title='bbox 1644 1046 1772 1107; x_wconf 82' lang='lat' dir='ltr'><strong><em>videtur.</em></strong></span> <span class='ocrx_word' id='word_1_112' title='bbox 1802 1049 1836 1122; x_wconf 81' lang='lat' dir='ltr'><strong><em>i)</em></strong></span> <span class='ocrx_word' id='word_1_113' title='bbox 1859 1043 1891 1106; x_wconf 89' lang='lat' dir='ltr'><strong><em>iu</em></strong></span> <span class='ocrx_word' id='word_1_114' title='bbox 1917 1047 2107 1108; x_wconf 71' lang='lat' dir='ltr'><strong><em>secundariis</em></strong></span> <span class='ocrx_word' id='word_1_115' title='bbox 2125 1045 2188 1128; x_wconf 85' lang='lat' dir='ltr'><strong><em>ple·</em></strong></span> 
     </span>
     <span class='ocr_line' id='line_1_9' title="bbox 176 1129 2266 1214; baseline -0.001 -19"><span class='ocrx_word' id='word_1_116' title='bbox 176 1133 267 1214; x_wconf 79' lang='lat' dir='ltr'><strong><em>gulos</em></strong></span> <span class='ocrx_word' id='word_1_117' title='bbox 286 1131 356 1194; x_wconf 86' lang='lat' dir='ltr'><strong><em>illae</em></strong></span> <span class='ocrx_word' id='word_1_118' title='bbox 377 1153 397 1193; x_wconf 90' lang='lat' dir='ltr'><strong><em>e</em></strong></span> <span class='ocrx_word' id='word_1_119' title='bbox 417 1131 585 1195; x_wconf 85' lang='lat' dir='ltr'><strong><em>Venetorio</em></strong></span> <span class='ocrx_word' id='word_1_120' title='bbox 603 1138 780 1195; x_wconf 80' lang='lat' dir='ltr'><strong><em>assemtee</em></strong></span> <span class='ocrx_word' id='word_1_121' title='bbox 798 1136 902 1193; x_wconf 71' lang='lat' dir='ltr'><strong><em>camni</em></strong></span> <span class='ocrx_word' id='word_1_122' title='bbox 918 1131 1170 1210; x_wconf 76' lang='lat' dir='ltr'><strong><em>expressionibus</em></strong></span> <span class='ocrx_word' id='word_1_123' title='bbox 1189 1131 1371 1209; x_wconf 85' lang='lat' dir='ltr'><strong><em>quibusdem</em></strong></span> <span class='ocrx_word' id='word_1_124' title='bbox 1390 1129 1623 1200; x_wconf 84' lang='lat' dir='ltr'><strong><em>difficilioribus,</em></strong></span> <span class='ocrx_word' id='word_1_125' title='bbox 1643 1133 1770 1211; x_wconf 81' lang='lat' dir='ltr'><strong><em>quaein</em></strong></span> <span class='ocrx_word' id='word_1_126' title='bbox 1789 1131 1975 1195; x_wconf 81' lang='lat' dir='ltr'><strong><em>editionibus</em></strong></span> <span class='ocrx_word' id='word_1_127' title='bbox 1993 1132 2121 1212; x_wconf 89' lang='lat' dir='ltr'><strong><em>reiiquis</em></strong></span> <span class='ocrx_word' id='word_1_128' title='bbox 2140 1154 2188 1194; x_wconf 90' lang='lat' dir='ltr'><strong><em>oc-</em></strong></span> <span class='ocrx_word' id='word_1_129' title='bbox 2262 1163 2266 1174; x_wconf 94' lang='lat'>·</span> 
     </span>
     <span class='ocr_line' id='line_1_10' title="bbox 177 1214 2188 1298; baseline 0 -19"><span class='ocrx_word' id='word_1_130' title='bbox 177 1225 312 1289; x_wconf 85' lang='lat' dir='ltr'><strong><em>currunt,</em></strong></span> <span class='ocrx_word' id='word_1_131' title='bbox 325 1240 358 1278; x_wconf 87' lang='lat' dir='ltr'><strong><em>e.</em></strong></span> <span class='ocrx_word' id='word_1_132' title='bbox 375 1238 405 1298; x_wconf 76' lang='lat' dir='ltr'><strong><em>g.</em></strong></span> <span class='ocrx_word' id='word_1_133' title='bbox 425 1237 484 1279; x_wconf 93' lang='lat' dir='ltr'><strong><em>nou</em></strong></span> <span class='ocrx_word' id='word_1_134' title='bbox 502 1217 642 1279; x_wconf 84' lang='lat' dir='ltr'><strong><em>leudetur</em></strong></span> <span class='ocrx_word' id='word_1_135' title='bbox 661 1217 707 1285; x_wconf 91' lang='lat' dir='ltr'><strong><em>ihi</em></strong></span> <span class='ocrx_word' id='word_1_136' title='bbox 729 1215 932 1287; x_wconf 78' lang='lat' dir='ltr'><strong><em>Aristoteles,</em></strong></span> <span class='ocrx_word' id='word_1_137' title='bbox 952 1215 1035 1295; x_wconf 89' lang='lat' dir='ltr'><strong><em>quod</em></strong></span> <span class='ocrx_word' id='word_1_138' title='bbox 1053 1214 1092 1276; x_wconf 95' lang='lat' dir='ltr'><strong><em>de</em></strong></span> <span class='ocrx_word' id='word_1_139' title='bbox 1109 1215 1245 1277; x_wconf 84' lang='lat' dir='ltr'><strong><em>moribus</em></strong></span> <span class='ocrx_word' id='word_1_140' title='bbox 1263 1215 1406 1278; x_wconf 83' lang='lat' dir='ltr'><strong><em>civilibus</em></strong></span> <span class='ocrx_word' id='word_1_141' title='bbox 1427 1215 1505 1276; x_wconf 90' lang='lat' dir='ltr'><strong><em>adeo</em></strong></span> <span class='ocrx_word' id='word_1_142' title='bbox 1523 1216 1641 1278; x_wconf 84' lang='lat' dir='ltr'><strong><em>erudite</em></strong></span> <span class='ocrx_word' id='word_1_143' title='bbox 1666 1218 1841 1296; x_wconf 85' lang='lat' dir='ltr'><strong><em>scripserit,</em></strong></span> <span class='ocrx_word' id='word_1_144' title='bbox 1866 1224 1900 1278; x_wconf 93' lang='lat' dir='ltr'><strong><em>ut</em></strong></span> <span class='ocrx_word' id='word_1_145' title='bbox 1917 1219 1957 1279; x_wconf 90' lang='lat' dir='ltr'><strong><em>de</em></strong></span> <span class='ocrx_word' id='word_1_146' title='bbox 1976 1218 2025 1278; x_wconf 90' lang='lat' dir='ltr'><strong><em>his</em></strong></span> <span class='ocrx_word' id='word_1_147' title='bbox 2045 1218 2119 1280; x_wconf 90' lang='lat' dir='ltr'><strong><em>nihil</em></strong></span> <span class='ocrx_word' id='word_1_148' title='bbox 2144 1240 2188 1280; x_wconf 91' lang='lat' dir='ltr'><strong><em>re-</em></strong></span> 
     </span>
     <span class='ocr_line' id='line_1_11' title="bbox 178 1300 2189 1384; baseline 0.001 -20"><span class='ocrx_word' id='word_1_149' title='bbox 178 1305 358 1384; x_wconf 87' lang='lat' dir='ltr'><strong><em>quirendum</em></strong></span> <span class='ocrx_word' id='word_1_150' title='bbox 379 1305 422 1365; x_wconf 89' lang='lat' dir='ltr'><strong><em>sit</em></strong></span> <span class='ocrx_word' id='word_1_151' title='bbox 438 1302 582 1384; x_wconf 85' lang='lat' dir='ltr'><strong><em>emplius,</em></strong></span> <span class='ocrx_word' id='word_1_152' title='bbox 600 1322 659 1364; x_wconf 92' lang='lat' dir='ltr'><strong><em>non</em></strong></span> <span class='ocrx_word' id='word_1_153' title='bbox 678 1301 804 1373; x_wconf 88' lang='lat' dir='ltr'><strong><em>dicitur,</em></strong></span> <span class='ocrx_word' id='word_1_154' title='bbox 822 1308 916 1362; x_wconf 91' lang='lat' dir='ltr'><strong><em>toteru</em></strong></span> <span class='ocrx_word' id='word_1_155' title='bbox 934 1302 1098 1362; x_wconf 78' lang='lat' dir='ltr'><strong><em>novitatem</em></strong></span> <span class='ocrx_word' id='word_1_156' title='bbox 1121 1303 1201 1363; x_wconf 84' lang='lat' dir='ltr'><strong><em>viiee</em></strong></span> <span class='ocrx_word' id='word_1_157' title='bbox 1219 1300 1348 1374; x_wconf 81' lang='lat' dir='ltr'><strong><em>scivere,</em></strong></span> <span class='ocrx_word' id='word_1_158' title='bbox 1367 1321 1426 1363; x_wconf 91' lang='lat' dir='ltr'><strong><em>non</em></strong></span> <span class='ocrx_word' id='word_1_159' title='bbox 1445 1303 1603 1372; x_wconf 70' lang='lat' dir='ltr'><strong><em>statuitur,</em></strong></span> <span class='ocrx_word' id='word_1_160' title='bbox 1628 1301 1768 1363; x_wconf 89' lang='lat' dir='ltr'><strong><em>homiues</em></strong></span> <span class='ocrx_word' id='word_1_161' title='bbox 1787 1304 1818 1362; x_wconf 91' lang='lat' dir='ltr'><strong><em>in</em></strong></span> <span class='ocrx_word' id='word_1_162' title='bbox 1842 1303 2057 1365; x_wconf 77' lang='lat' dir='ltr'><strong><em>iustificatione</em></strong></span> <span class='ocrx_word' id='word_1_163' title='bbox 2082 1326 2120 1366; x_wconf 88' lang='lat' dir='ltr'><strong><em>ex</em></strong></span> <span class='ocrx_word' id='word_1_164' title='bbox 2146 1307 2189 1366; x_wconf 88' lang='lat' dir='ltr'><strong><em>in·</em></strong></span> 
     </span>
     <span class='ocr_line' id='line_1_12' title="bbox 177 1384 2189 1471; baseline 0 -21"><span class='ocrx_word' id='word_1_165' title='bbox 177 1391 269 1451; x_wconf 89' lang='lat' dir='ltr'><strong><em>iustis</em></strong></span> <span class='ocrx_word' id='word_1_166' title='bbox 287 1392 386 1451; x_wconf 91' lang='lat' dir='ltr'><strong><em>iustos</em></strong></span> <span class='ocrx_word' id='word_1_167' title='bbox 405 1388 498 1460; x_wconf 86' lang='lat' dir='ltr'><strong><em>silici,</em></strong></span> <span class='ocrx_word' id='word_1_168' title='bbox 518 1389 558 1449; x_wconf 90' lang='lat' dir='ltr'><strong><em>de</em></strong></span> <span class='ocrx_word' id='word_1_169' title='bbox 576 1407 638 1468; x_wconf 79' lang='lat' dir='ltr'><strong><em>qus</em></strong></span> <span class='ocrx_word' id='word_1_170' title='bbox 654 1386 756 1469; x_wconf 84' lang='lat' dir='ltr'><strong><em>phresi</em></strong></span> <span class='ocrx_word' id='word_1_171' title='bbox 784 1386 896 1448; x_wconf 91' lang='lat' dir='ltr'><strong><em>deiude</em></strong></span> <span class='ocrx_word' id='word_1_172' title='bbox 924 1405 1071 1465; x_wconf 81' lang='lat' dir='ltr'><strong><em>egemus,</em></strong></span> <span class='ocrx_word' id='word_1_173' title='bbox 1095 1393 1254 1448; x_wconf 89' lang='lat' dir='ltr'><strong><em>occurrunt</em></strong></span> <span class='ocrx_word' id='word_1_174' title='bbox 1276 1390 1307 1448; x_wconf 92' lang='lat' dir='ltr'><strong><em>iu</em></strong></span> <span class='ocrx_word' id='word_1_175' title='bbox 1335 1389 1374 1448; x_wconf 89' lang='lat' dir='ltr'><strong><em>iis</em></strong></span> <span class='ocrx_word' id='word_1_176' title='bbox 1399 1386 1570 1465; x_wconf 72' lang='lat' dir='ltr'><strong><em>ireqrreutie</em></strong></span> <span class='ocrx_word' id='word_1_177' title='bbox 1597 1384 1698 1468; x_wconf 84' lang='lat' dir='ltr'><strong><em>elogia</em></strong></span> <span class='ocrx_word' id='word_1_178' title='bbox 1722 1384 1883 1460; x_wconf 78' lang='lat' dir='ltr'><strong><em>Caesaris,</em></strong></span> <span class='ocrx_word' id='word_1_179' title='bbox 1908 1396 1940 1450; x_wconf 91' lang='lat' dir='ltr'><strong><em>et</em></strong></span> <span class='ocrx_word' id='word_1_180' title='bbox 1967 1409 2189 1471; x_wconf 81' lang='lat' dir='ltr'><strong><em>saepenumero</em></strong></span> 
     </span>
     <span class='ocr_line' id='line_1_13' title="bbox 177 1469 2188 1556; baseline 0.001 -20"><span class='ocrx_word' id='word_1_181' title='bbox 177 1476 402 1556; x_wconf 90' lang='lat' dir='ltr'><strong><em>promtitndinis</em></strong></span> <span class='ocrx_word' id='word_1_182' title='bbox 424 1474 565 1554; x_wconf 87' lang='lat' dir='ltr'><strong><em>obsequii</em></strong></span> <span class='ocrx_word' id='word_1_183' title='bbox 584 1490 656 1553; x_wconf 79' lang='lat' dir='ltr'><strong><em>erge</em></strong></span> <span class='ocrx_word' id='word_1_184' title='bbox 673 1469 840 1534; x_wconf 70' lang='lat' dir='ltr'><strong><em>Gaesarem</em></strong></span> <span class='ocrx_word' id='word_1_185' title='bbox 862 1474 976 1533; x_wconf 89' lang='lat' dir='ltr'><strong><em>mentio</em></strong></span> <span class='ocrx_word' id='word_1_186' title='bbox 999 1472 1047 1544; x_wconf 91' lang='lat' dir='ltr'><strong><em>iit,</em></strong></span> <span class='ocrx_word' id='word_1_187' title='bbox 1067 1474 1110 1533; x_wconf 78' lang='lat' dir='ltr'><strong><em>iis</em></strong></span> <span class='ocrx_word' id='word_1_188' title='bbox 1130 1479 1164 1533; x_wconf 94' lang='lat' dir='ltr'><strong><em>ut</em></strong></span> <span class='ocrx_word' id='word_1_189' title='bbox 1185 1472 1328 1553; x_wconf 77' lang='lat' dir='ltr'><strong><em>pinguiae</em></strong></span> <span class='ocrx_word' id='word_1_190' title='bbox 1345 1472 1419 1536; x_wconf 89' lang='lat' dir='ltr'><strong><em>iilee</em></strong></span> <span class='ocrx_word' id='word_1_191' title='bbox 1437 1472 1597 1551; x_wconf 76' lang='lat' dir='ltr'><strong><em>Augustos</em></strong></span> <span class='ocrx_word' id='word_1_192' title='bbox 1615 1474 1674 1534; x_wconf 87' lang='lat' dir='ltr'><strong><em>iem</em></strong></span> <span class='ocrx_word' id='word_1_193' title='bbox 1697 1476 1891 1553; x_wconf 80' lang='lat' dir='ltr'><strong><em>conscriptes</em></strong></span> <span class='ocrx_word' id='word_1_194' title='bbox 1916 1474 2089 1547; x_wconf 85' lang='lat' dir='ltr'><strong><em>rideentur,</em></strong></span> <span class='ocrx_word' id='word_1_195' title='bbox 2119 1497 2188 1538; x_wconf 85' lang='lat' dir='ltr'><strong><em>cum</em></strong></span> 
     </span>
     <span class='ocr_line' id='line_1_14' title="bbox 177 1555 1513 1642; baseline -0.004 -21"><span class='ocrx_word' id='word_1_196' title='bbox 177 1579 236 1642; x_wconf 88' lang='lat' dir='ltr'><strong><em>spe</em></strong></span> <span class='ocrx_word' id='word_1_197' title='bbox 253 1560 372 1640; x_wconf 80' lang='lat' dir='ltr'><strong><em>eliqua,</em></strong></span> <span class='ocrx_word' id='word_1_198' title='bbox 389 1559 581 1641; x_wconf 84' lang='lat' dir='ltr'><strong><em>prolixiorem</em></strong></span> <span class='ocrx_word' id='word_1_199' title='bbox 598 1555 781 1639; x_wconf 78' lang='lat' dir='ltr'><strong><em>Apologiem</em></strong></span> <span class='ocrx_word' id='word_1_200' title='bbox 803 1555 976 1619; x_wconf 78' lang='lat' dir='ltr'><strong><em>eCaesere</em></strong></span> <span class='ocrx_word' id='word_1_201' title='bbox 994 1556 1128 1618; x_wconf 83' lang='lat' dir='ltr'><strong><em>nuditum</em></strong></span> <span class='ocrx_word' id='word_1_202' title='bbox 1146 1556 1257 1620; x_wconf 86' lang='lat' dir='ltr'><strong><em>seltem</em></strong></span> <span class='ocrx_word' id='word_1_203' title='bbox 1275 1565 1430 1640; x_wconf 86' lang='lat' dir='ltr'><strong><em>receptum</em></strong></span> <span class='ocrx_word' id='word_1_204' title='bbox 1448 1559 1513 1619; x_wconf 81' lang='lat' dir='ltr'><strong><em>iri«</em></strong></span> 
     </span>
    </p>
   </div>
   <div class='ocr_carea' id='block_1_5' title="bbox 178 1737 2191 2282">
    <p class='ocr_par' dir='ltr' id='par_1_5' title="bbox 178 1737 2191 2282">
     <span class='ocr_line' id='line_1_15' title="bbox 335 1737 2188 1804; baseline 0 -10"><span class='ocrx_word' id='word_1_205' title='bbox 335 1742 422 1796; x_wconf 84' lang='lat' dir='ltr'><strong><em>Note.</em></strong></span> <span class='ocrx_word' id='word_1_206' title='bbox 457 1741 486 1792; x_wconf 93' lang='lat' dir='ltr'><strong><em>ln</em></strong></span> <span class='ocrx_word' id='word_1_207' title='bbox 503 1739 581 1793; x_wconf 90' lang='lat' dir='ltr'><strong><em>huius</em></strong></span> <span class='ocrx_word' id='word_1_208' title='bbox 597 1739 788 1792; x_wconf 70' lang='lat' dir='ltr'><strong><em>dissertationis</em></strong></span> <span class='ocrx_word' id='word_1_209' title='bbox 806 1738 831 1803; x_wconf 77' lang='grc' dir='ltr'><strong><em>ς.</em></strong></span> <span class='ocrx_word' id='word_1_210' title='bbox 848 1737 883 1788; x_wconf 89' lang='lat'><strong><em>11.</em></strong></span> <span class='ocrx_word' id='word_1_211' title='bbox 902 1737 935 1789; x_wconf 91' lang='lat' dir='ltr'><strong><em>de</em></strong></span> <span class='ocrx_word' id='word_1_212' title='bbox 953 1737 1090 1801; x_wconf 86' lang='lat' dir='ltr'><strong><em>Apologlue</em></strong></span> <span class='ocrx_word' id='word_1_213' title='bbox 1109 1737 1235 1791; x_wconf 86' lang='lat' dir='ltr'><strong><em>uberioris</em></strong></span> <span class='ocrx_word' id='word_1_214' title='bbox 1253 1740 1358 1791; x_wconf 90' lang='lat' dir='ltr'><strong><em>auctore</em></strong></span> <span class='ocrx_word' id='word_1_215' title='bbox 1377 1739 1441 1791; x_wconf 93' lang='lat' dir='ltr'><strong><em>haec</em></strong></span> <span class='ocrx_word' id='word_1_216' title='bbox 1457 1739 1608 1801; x_wconf 87' lang='lat' dir='ltr'><strong><em>proponitur</em></strong></span> <span class='ocrx_word' id='word_1_217' title='bbox 1625 1739 1767 1792; x_wconf 77' lang='lat' dir='ltr'><strong><em>seniendi:</em></strong></span> <span class='ocrx_word' id='word_1_218' title='bbox 1784 1741 1897 1800; x_wconf 77' lang='lat' dir='ltr'><strong><em>„iusim</em></strong></span> <span class='ocrx_word' id='word_1_219' title='bbox 1913 1741 2051 1803; x_wconf 89' lang='lat' dir='ltr'><strong><em>Apologlee</em></strong></span> <span class='ocrx_word' id='word_1_220' title='bbox 2069 1741 2188 1804; x_wconf 79' lang='lat' dir='ltr'><strong><em>proliue</em></strong></span> 
     </span>
     <span class='ocr_line' id='line_1_16' title="bbox 179 1803 2189 1873; baseline 0.001 -11"><span class='ocrx_word' id='word_1_221' title='bbox 179 1803 215 1862; x_wconf 81' lang='lat' dir='ltr'><strong><em>ris</em></strong></span> <span class='ocrx_word' id='word_1_222' title='bbox 233 1813 276 1861; x_wconf 97' lang='grc' dir='ltr'><strong><em>εει</em></strong></span> <span class='ocrx_word' id='word_1_223' title='bbox 291 1809 530 1870; x_wconf 78' lang='grc' dir='ltr'><strong>ιιειεηειιιιιυιι,</strong></span> <span class='ocrx_word' id='word_1_224' title='bbox 546 1819 599 1860; x_wconf 92' lang='lat' dir='ltr'><strong><em>uon</em></strong></span> <span class='ocrx_word' id='word_1_225' title='bbox 616 1807 719 1871; x_wconf 84' lang='lat' dir='ltr'><strong><em>quidem</em></strong></span> <span class='ocrx_word' id='word_1_226' title='bbox 737 1807 822 1870; x_wconf 87' lang='lat' dir='ltr'><strong><em>solus,</em></strong></span> <span class='ocrx_word' id='word_1_227' title='bbox 840 1805 889 1858; x_wconf 87' lang='lat' dir='ltr'><strong><em>sed</em></strong></span> <span class='ocrx_word' id='word_1_228' title='bbox 906 1812 994 1860; x_wconf 79' lang='lat' dir='ltr'><strong><em>umen</em></strong></span> <span class='ocrx_word' id='word_1_229' title='bbox 1011 1807 1181 1869; x_wconf 90' lang='lat' dir='ltr'><strong><em>praecipuus,</em></strong></span> <span class='ocrx_word' id='word_1_230' title='bbox 1199 1807 1235 1859; x_wconf 89' lang='lat' dir='ltr'><strong><em>lle</em></strong></span> <span class='ocrx_word' id='word_1_231' title='bbox 1253 1809 1322 1860; x_wconf 90' lang='lat' dir='ltr'><strong><em>enim</em></strong></span> <span class='ocrx_word' id='word_1_232' title='bbox 1340 1808 1366 1860; x_wconf 92' lang='lat' dir='ltr'><strong><em>ln</em></strong></span> <span class='ocrx_word' id='word_1_233' title='bbox 1384 1807 1468 1859; x_wconf 86' lang='lat' dir='ltr'><strong><em>Praei.</em></strong></span> <span class='ocrx_word' id='word_1_234' title='bbox 1486 1807 1604 1859; x_wconf 87' lang='lat' dir='ltr'><strong><em>eiusdem</em></strong></span> <span class='ocrx_word' id='word_1_235' title='bbox 1621 1807 1721 1860; x_wconf 86' lang='lat' dir='ltr'><strong><em>scribit:</em></strong></span> <span class='ocrx_word' id='word_1_236' title='bbox 1741 1809 1907 1871; x_wconf 71' lang='lat' dir='ltr'><strong><em>odonem</em></strong></span> <span class='ocrx_word' id='word_1_237' title='bbox 1926 1808 2008 1862; x_wconf 85' lang='lat' dir='ltr'><strong><em>initio</em></strong></span> <span class='ocrx_word' id='word_1_238' title='bbox 2026 1809 2189 1873; x_wconf 72' lang='lat' dir='ltr'><strong><em>teotoniam</em></strong></span> 
     </span>
     <span class='ocr_line' id='line_1_17' title="bbox 180 1872 2188 1942; baseline -0 -11"><span class='ocrx_word' id='word_1_239' title='bbox 180 1877 355 1931; x_wconf 75' lang='lat' dir='ltr'><strong><em>budiuimm</em></strong></span> <span class='ocrx_word' id='word_1_240' title='bbox 371 1877 577 1930; x_wconf 78' lang='lat' dir='ltr'><strong><em>conmunicoto</em></strong></span> <span class='ocrx_word' id='word_1_241' title='bbox 594 1886 658 1929; x_wconf 82' lang='lat' dir='ltr'><strong><em>eune</em></strong></span> <span class='ocrx_word' id='word_1_242' title='bbox 675 1875 742 1929; x_wconf 80' lang='lat' dir='ltr'><strong><em>otiis</em></strong></span> <span class='ocrx_word' id='word_1_243' title='bbox 758 1874 886 1938; x_wconf 65' lang='lat' dir='ltr'><strong><em>consuo,</em></strong></span> <span class='ocrx_word' id='word_1_244' title='bbox 905 1877 1000 1929; x_wconf 86' lang='lat' dir='ltr'><strong><em>tamen</em></strong></span> <span class='ocrx_word' id='word_1_245' title='bbox 1016 1884 1067 1937; x_wconf 80' lang='lat' dir='ltr'><strong><em>epo</em></strong></span> <span class='ocrx_word' id='word_1_246' title='bbox 1085 1875 1160 1928; x_wconf 83' lang='lat' dir='ltr'><strong><em>inter</em></strong></span> <span class='ocrx_word' id='word_1_247' title='bbox 1182 1872 1378 1929; x_wconf 76' lang='lat' dir='ltr'><strong><em>recudendum</em></strong></span> <span class='ocrx_word' id='word_1_248' title='bbox 1401 1874 1541 1938; x_wconf 74' lang='lat' dir='ltr'><strong><em>cumdem</em></strong></span> <span class='ocrx_word' id='word_1_249' title='bbox 1563 1873 1669 1938; x_wconf 65' lang='lat' dir='ltr'><strong><em>educi,</em></strong></span> <span class='ocrx_word' id='word_1_250' title='bbox 1693 1882 1785 1938; x_wconf 82' lang='lat' dir='ltr'><strong><em>poure</em></strong></span> <span class='ocrx_word' id='word_1_251' title='bbox 1806 1887 1898 1930; x_wconf 83' lang='lat' dir='ltr'><strong><em>meum</em></strong></span> <span class='ocrx_word' id='word_1_252' title='bbox 1919 1888 2020 1931; x_wconf 86' lang='lat' dir='ltr'><strong><em>nonen</em></strong></span> <span class='ocrx_word' id='word_1_253' title='bbox 2040 1876 2188 1942; x_wconf 71' lang='lat' dir='ltr'><strong><em>proauos,</em></strong></span> 
     </span>
     <span class='ocr_line' id='line_1_18' title="bbox 178 1943 2187 2010; baseline -0 -10"><span class='ocrx_word' id='word_1_254' title='bbox 178 1957 215 2000; x_wconf 85' lang='lat' dir='ltr'><strong><em>ne</em></strong></span> <span class='ocrx_word' id='word_1_255' title='bbox 230 1946 295 2008; x_wconf 77' lang='lat' dir='ltr'><strong><em>pub</em></strong></span> <span class='ocrx_word' id='word_1_256' title='bbox 312 1947 394 2008; x_wconf 80' lang='lat' dir='ltr'><strong><em>oneri</em></strong></span> <span class='ocrx_word' id='word_1_257' title='bbox 407 1946 502 2008; x_wconf 72' lang='lat' dir='ltr'><strong><em>perdi</em></strong></span> <span class='ocrx_word' id='word_1_258' title='bbox 515 1945 577 1999; x_wconf 83' lang='lat' dir='ltr'><strong><em>eine</em></strong></span> <span class='ocrx_word' id='word_1_259' title='bbox 593 1948 671 1998; x_wconf 85' lang='lat' dir='ltr'><strong><em>cerlo</em></strong></span> <span class='ocrx_word' id='word_1_260' title='bbox 689 1948 809 1998; x_wconf 77' lang='lat' dir='ltr'><strong><em>ocrim</em></strong></span> <span class='ocrx_word' id='word_1_261' title='bbox 825 1944 927 1997; x_wconf 80' lang='lat' dir='ltr'><strong><em>librum</em></strong></span> <span class='ocrx_word' id='word_1_262' title='bbox 944 1943 1051 1996; x_wconf 84' lang='lat' dir='ltr'><strong><em>editum</em></strong></span> <span class='ocrx_word' id='word_1_263' title='bbox 1067 1954 1138 1999; x_wconf 82' lang='lat' dir='ltr'><strong><em>erre.</em></strong></span> <span class='ocrx_word' id='word_1_264' title='bbox 1173 1944 1209 1996; x_wconf 74' lang='lat' dir='ltr'><strong><em>Ex</em></strong></span> <span class='ocrx_word' id='word_1_265' title='bbox 1226 1944 1265 1996; x_wconf 85' lang='lat' dir='ltr'><strong><em>his</em></strong></span> <span class='ocrx_word' id='word_1_266' title='bbox 1284 1944 1369 1996; x_wconf 87' lang='lat' dir='ltr'><strong><em>verbis</em></strong></span> <span class='ocrx_word' id='word_1_267' title='bbox 1387 1949 1460 2007; x_wconf 87' lang='lat' dir='ltr'><strong><em>patet</em></strong></span> <span class='ocrx_word' id='word_1_268' title='bbox 1476 1945 1618 2007; x_wconf 72' lang='lat' dir='ltr'><strong><em>Philippum</em></strong></span> <span class='ocrx_word' id='word_1_269' title='bbox 1643 1945 1676 1996; x_wconf 91' lang='lat' dir='ltr'><strong><em>eb</em></strong></span> <span class='ocrx_word' id='word_1_270' title='bbox 1699 1945 1770 1997; x_wconf 88' lang='lat' dir='ltr'><strong><em>lnilio</em></strong></span> <span class='ocrx_word' id='word_1_271' title='bbox 1792 1945 1819 1996; x_wconf 88' lang='lat' dir='ltr'><strong><em>in</em></strong></span> <span class='ocrx_word' id='word_1_272' title='bbox 1840 1946 2027 1998; x_wconf 74' lang='lat' dir='ltr'><strong><em>conscribente</em></strong></span> <span class='ocrx_word' id='word_1_273' title='bbox 2050 1948 2100 2000; x_wconf 85' lang='lat' dir='ltr'><strong><em>huc</em></strong></span> <span class='ocrx_word' id='word_1_274' title='bbox 2122 1950 2187 2010; x_wconf 90' lang='lat' dir='ltr'><strong><em>Apo·</em></strong></span> 
     </span>
     <span class='ocr_line' id='line_1_19' title="bbox 180 2012 2189 2078; baseline 0.001 -11"><span class='ocrx_word' id='word_1_275' title='bbox 180 2015 249 2077; x_wconf 81' lang='lat' dir='ltr'><strong><em>tegle</em></strong></span> <span class='ocrx_word' id='word_1_276' title='bbox 271 2015 394 2067; x_wconf 79' lang='lat' dir='ltr'><strong><em>habuisse</em></strong></span> <span class='ocrx_word' id='word_1_277' title='bbox 416 2015 514 2077; x_wconf 90' lang='lat' dir='ltr'><strong><em>socios,</em></strong></span> <span class='ocrx_word' id='word_1_278' title='bbox 537 2013 606 2065; x_wconf 91' lang='lat' dir='ltr'><strong><em>unde</em></strong></span> <span class='ocrx_word' id='word_1_279' title='bbox 629 2013 751 2075; x_wconf 85' lang='lat' dir='ltr'><strong><em>colligere</em></strong></span> <span class='ocrx_word' id='word_1_280' title='bbox 781 2014 855 2076; x_wconf 88' lang='lat' dir='ltr'><strong><em>iicet,</em></strong></span> <span class='ocrx_word' id='word_1_281' title='bbox 883 2012 1029 2074; x_wconf 85' lang='lat' dir='ltr'><strong><em>Principum</em></strong></span> <span class='ocrx_word' id='word_1_282' title='bbox 1054 2012 1278 2074; x_wconf 74' lang='lat' dir='ltr'><strong><em>evangelico-um,</em></strong></span> <span class='ocrx_word' id='word_1_283' title='bbox 1301 2013 1412 2065; x_wconf 75' lang='lat' dir='ltr'><strong><em>innume</em></strong></span> <span class='ocrx_word' id='word_1_284' title='bbox 1436 2013 1558 2066; x_wconf 86' lang='lat' dir='ltr'><strong><em>Electorls</em></strong></span> <span class='ocrx_word' id='word_1_285' title='bbox 1582 2012 1709 2065; x_wconf 82' lang='lat' dir='ltr'><strong><em>seronior.</em></strong></span> <span class='ocrx_word' id='word_1_286' title='bbox 1726 2013 1991 2077; x_wconf 65' lang='lat' dir='ltr'><strong><em>ariminensom</em></strong></span> <span class='ocrx_word' id='word_1_287' title='bbox 2008 2019 2086 2078; x_wconf 83' lang='lat' dir='ltr'><strong><em>etque</em></strong></span> <span class='ocrx_word' id='word_1_288' title='bbox 2105 2016 2189 2069; x_wconf 86' lang='lat' dir='ltr'><strong><em>socios</em></strong></span> 
     </span>
     <span class='ocr_line' id='line_1_20' title="bbox 178 2078 2191 2146; baseline 0.001 -11"><span class='ocrx_word' id='word_1_289' title='bbox 178 2082 321 2144; x_wconf 70' lang='lat' dir='ltr'><strong><em>insolesce</em></strong></span> <span class='ocrx_word' id='word_1_290' title='bbox 340 2083 487 2144; x_wconf 79' lang='lat' dir='ltr'><strong><em>suscepisse</em></strong></span> <span class='ocrx_word' id='word_1_291' title='bbox 505 2083 574 2134; x_wconf 88' lang='lat' dir='ltr'><strong><em>hunc</em></strong></span> <span class='ocrx_word' id='word_1_292' title='bbox 590 2081 705 2134; x_wconf 89' lang='lat' dir='ltr'><strong><em>laborem</em></strong></span> <span class='ocrx_word' id='word_1_293' title='bbox 724 2080 928 2146; x_wconf 77' lang='lat' dir='ltr'><strong><em>Apologetlcun3</em></strong></span> <span class='ocrx_word' id='word_1_294' title='bbox 947 2091 1024 2144; x_wconf 90' lang='lat' dir='ltr'><strong><em>porro</em></strong></span> <span class='ocrx_word' id='word_1_295' title='bbox 1042 2078 1136 2133; x_wconf 91' lang='lat' dir='ltr'><strong><em>eedem</em></strong></span> <span class='ocrx_word' id='word_1_296' title='bbox 1153 2081 1234 2133; x_wconf 79' lang='lat' dir='ltr'><strong><em>serbe</em></strong></span> <span class='ocrx_word' id='word_1_297' title='bbox 1252 2080 1352 2143; x_wconf 79' lang='lat' dir='ltr'><strong><em>deceni,</em></strong></span> <span class='ocrx_word' id='word_1_298' title='bbox 1370 2081 1514 2146; x_wconf 85' lang='lat' dir='ltr'><strong><em>Philippum</em></strong></span> <span class='ocrx_word' id='word_1_299' title='bbox 1532 2081 1600 2133; x_wconf 87' lang='lat' dir='ltr'><strong><em>inter</em></strong></span> <span class='ocrx_word' id='word_1_300' title='bbox 1616 2081 1795 2133; x_wconf 86' lang='lat' dir='ltr'><strong><em>excudendum</em></strong></span> <span class='ocrx_word' id='word_1_301' title='bbox 1815 2081 1943 2146; x_wconf 82' lang='lat' dir='ltr'><strong><em>quaedem</em></strong></span> <span class='ocrx_word' id='word_1_302' title='bbox 1962 2082 1995 2134; x_wconf 91' lang='lat' dir='ltr'><strong><em>de</em></strong></span> <span class='ocrx_word' id='word_1_303' title='bbox 2014 2095 2062 2135; x_wconf 90' lang='lat' dir='ltr'><strong><em>suo</em></strong></span> <span class='ocrx_word' id='word_1_304' title='bbox 2085 2088 2191 2146; x_wconf 88' lang='lat' dir='ltr'><strong><em>praeter</em></strong></span> 
     </span>
     <span class='ocr_line' id='line_1_21' title="bbox 178 2148 2189 2216; baseline 0 -12"><span class='ocrx_word' id='word_1_305' title='bbox 178 2151 287 2204; x_wconf 83' lang='lat' dir='ltr'><strong><em>consilis</em></strong></span> <span class='ocrx_word' id='word_1_306' title='bbox 303 2151 460 2216; x_wconf 85' lang='lat' dir='ltr'><strong><em>reliquorum</em></strong></span> <span class='ocrx_word' id='word_1_307' title='bbox 477 2150 665 2211; x_wconf 75' lang='lat' dir='ltr'><strong><em>theologorum</em></strong></span> <span class='ocrx_word' id='word_1_308' title='bbox 683 2150 824 2214; x_wconf 77' lang='lat' dir='ltr'><strong><em>adiecisse3</em></strong></span> <span class='ocrx_word' id='word_1_309' title='bbox 842 2150 907 2201; x_wconf 86' lang='lat' dir='ltr'><strong><em>heec</em></strong></span> <span class='ocrx_word' id='word_1_310' title='bbox 923 2153 1011 2200; x_wconf 91' lang='lat' dir='ltr'><strong><em>autem</em></strong></span> <span class='ocrx_word' id='word_1_311' title='bbox 1030 2148 1063 2201; x_wconf 88' lang='lat' dir='ltr'><strong><em>ad</em></strong></span> <span class='ocrx_word' id='word_1_312' title='bbox 1087 2148 1171 2201; x_wconf 85' lang='lat' dir='ltr'><strong><em>iocum</em></strong></span> <span class='ocrx_word' id='word_1_313' title='bbox 1196 2148 1229 2200; x_wconf 91' lang='lat' dir='ltr'><strong><em>de</em></strong></span> <span class='ocrx_word' id='word_1_314' title='bbox 1252 2149 1431 2202; x_wconf 81' lang='lat' dir='ltr'><strong><em>iustihcailone</em></strong></span> <span class='ocrx_word' id='word_1_315' title='bbox 1454 2149 1625 2212; x_wconf 84' lang='lat' dir='ltr'><strong><em>pertinuisse,</em></strong></span> <span class='ocrx_word' id='word_1_316' title='bbox 1646 2149 1776 2212; x_wconf 73' lang='lat' dir='ltr'><strong><em>Epistulae</em></strong></span> <span class='ocrx_word' id='word_1_317' title='bbox 1801 2149 1834 2201; x_wconf 90' lang='lat' dir='ltr'><strong><em>ed</em></strong></span> <span class='ocrx_word' id='word_1_318' title='bbox 1858 2150 2034 2204; x_wconf 80' lang='lat' dir='ltr'><strong><em>camerarum</em></strong></span> <span class='ocrx_word' id='word_1_319' title='bbox 2058 2152 2083 2215; x_wconf 60' lang='lat' dir='ltr'><strong><em>s</em></strong></span> <span class='ocrx_word' id='word_1_320' title='bbox 2106 2156 2189 2205; x_wconf 85' lang='lat' dir='ltr'><strong><em>sulec</em></strong></span> 
     </span>
     <span class='ocr_line' id='line_1_22' title="bbox 179 2217 1984 2282; baseline -0.001 -10"><span class='ocrx_word' id='word_1_321' title='bbox 179 2224 230 2272; x_wconf 83' lang='lat' dir='ltr'><strong><em>noi</em></strong></span> <span class='ocrx_word' id='word_1_322' title='bbox 249 2220 273 2273; x_wconf 91' lang='lat' dir='ltr'><strong><em>d</em></strong></span> <span class='ocrx_word' id='word_1_323' title='bbox 292 2220 421 2282; x_wconf 74' lang='lat' dir='ltr'><strong><em>allegatae</em></strong></span> <span class='ocrx_word' id='word_1_324' title='bbox 438 2220 558 2278; x_wconf 90' lang='lat' dir='ltr'><strong><em>indicant,</em></strong></span> <span class='ocrx_word' id='word_1_325' title='bbox 576 2218 659 2282; x_wconf 84' lang='lat' dir='ltr'><strong><em>quoed</em></strong></span> <span class='ocrx_word' id='word_1_326' title='bbox 677 2219 745 2270; x_wconf 93' lang='lat' dir='ltr'><strong><em>hunc</em></strong></span> <span class='ocrx_word' id='word_1_327' title='bbox 763 2228 827 2279; x_wconf 75' lang='lat' dir='ltr'><strong><em>ergo</em></strong></span> <span class='ocrx_word' id='word_1_328' title='bbox 844 2217 985 2269; x_wconf 79' lang='lat' dir='ltr'><strong><em>Articulum</em></strong></span> <span class='ocrx_word' id='word_1_329' title='bbox 1004 2218 1135 2280; x_wconf 90' lang='lat' dir='ltr'><strong><em>Phiiippus</em></strong></span> <span class='ocrx_word' id='word_1_330' title='bbox 1153 2217 1234 2279; x_wconf 85' lang='lat' dir='ltr'><strong><em>solus,</em></strong></span> <span class='ocrx_word' id='word_1_331' title='bbox 1252 2218 1337 2280; x_wconf 83' lang='lat' dir='ltr'><strong><em>quoad</em></strong></span> <span class='ocrx_word' id='word_1_332' title='bbox 1354 2218 1468 2282; x_wconf 83' lang='lat' dir='ltr'><strong><em>reliquos</em></strong></span> <span class='ocrx_word' id='word_1_333' title='bbox 1486 2218 1640 2281; x_wconf 89' lang='lat' dir='ltr'><strong><em>praecipuus</em></strong></span> <span class='ocrx_word' id='word_1_334' title='bbox 1658 2221 1805 2271; x_wconf 89' lang='lat' dir='ltr'><strong><em>auctorest</em></strong></span> <span class='ocrx_word' id='word_1_335' title='bbox 1822 2218 1984 2272; x_wconf 78' lang='lat' dir='ltr'><strong><em>bibendus.“</em></strong></span> 
     </span>
    </p>
   </div>
   <div class='ocr_carea' id='block_1_6' title="bbox 176 2301 2234 3671">
    <p class='ocr_par' dir='ltr' id='par_1_6' title="bbox 176 2301 2234 3671">
     <span class='ocr_line' id='line_1_23' title="bbox 335 2301 2191 2369; baseline 0.001 -12"><span class='ocrx_word' id='word_1_336' title='bbox 335 2305 457 2357; x_wconf 85' lang='lat' dir='ltr'><strong><em>Similiter</em></strong></span> <span class='ocrx_word' id='word_1_337' title='bbox 473 2317 497 2355; x_wconf 81' lang='lat' dir='ltr'><strong><em>e</em></strong></span> <span class='ocrx_word' id='word_1_338' title='bbox 517 2305 591 2352; x_wconf 77' lang='grc'><strong>1741.</strong></span> <span class='ocrx_word' id='word_1_339' title='bbox 611 2303 644 2355; x_wconf 91' lang='lat' dir='ltr'><strong><em>de</em></strong></span> <span class='ocrx_word' id='word_1_340' title='bbox 662 2303 786 2367; x_wconf 75' lang='lat' dir='ltr'><strong><em>Apologia</em></strong></span> <span class='ocrx_word' id='word_1_341' title='bbox 804 2303 853 2354; x_wconf 87' lang='lat' dir='ltr'><strong><em>sub</em></strong></span> <span class='ocrx_word' id='word_1_342' title='bbox 872 2301 989 2354; x_wconf 88' lang='lat' dir='ltr'><strong><em>eiusdem</em></strong></span> <span class='ocrx_word' id='word_1_343' title='bbox 1008 2303 1177 2355; x_wconf 83' lang='lat' dir='ltr'><strong><em>Peuerlinl</em></strong></span> <span class='ocrx_word' id='word_1_344' title='bbox 1194 2302 1323 2365; x_wconf 90' lang='lat' dir='ltr'><strong><em>praesidio</em></strong></span> <span class='ocrx_word' id='word_1_345' title='bbox 1341 2301 1408 2355; x_wconf 86' lang='lat' dir='ltr'><strong><em>cer.</em></strong></span> <span class='ocrx_word' id='word_1_346' title='bbox 1426 2303 1507 2355; x_wconf 85' lang='lat' dir='ltr'><strong><em>Prld.</em></strong></span> <span class='ocrx_word' id='word_1_347' title='bbox 1525 2301 1696 2355; x_wconf 85' lang='lat' dir='ltr'><strong><em>Kraiitlus</em></strong></span> <span class='ocrx_word' id='word_1_348' title='bbox 1714 2305 1740 2356; x_wconf 89' lang='lat' dir='ltr'><strong><em>in</em></strong></span> <span class='ocrx_word' id='word_1_349' title='bbox 1758 2304 1940 2356; x_wconf 76' lang='lat' dir='ltr'><strong><em>dissertatione</em></strong></span> <span class='ocrx_word' id='word_1_350' title='bbox 1957 2302 1993 2357; x_wconf 85' lang='lat' dir='ltr'><strong><em>de</em></strong></span> <span class='ocrx_word' id='word_1_351' title='bbox 2011 2305 2191 2369; x_wconf 77' lang='lat' dir='ltr'><strong><em>consessione</em></strong></span> 
     </span>
     <span class='ocr_line' id='line_1_24' title="bbox 179 2370 2191 2436; baseline -0.001 -9"><span class='ocrx_word' id='word_1_352' title='bbox 179 2376 245 2436; x_wconf 77' lang='lat' dir='ltr'><strong><em>Aoo.</em></strong></span> <span class='ocrx_word' id='word_1_353' title='bbox 262 2385 290 2429; x_wconf 87' lang='lat' dir='ltr'><strong><em>o.</em></strong></span> <span class='ocrx_word' id='word_1_354' title='bbox 309 2375 386 2429; x_wconf 77' lang='grc'><em>1530.</em></span> <span class='ocrx_word' id='word_1_355' title='bbox 403 2373 508 2435; x_wconf 80' lang='lat' dir='ltr'><strong><em>septies</em></strong></span> <span class='ocrx_word' id='word_1_356' title='bbox 525 2372 677 2435; x_wconf 81' lang='lat' dir='ltr'><strong><em>irnprersn,</em></strong></span> <span class='ocrx_word' id='word_1_357' title='bbox 697 2383 774 2435; x_wconf 83' lang='lat' dir='ltr'><strong><em>quam</em></strong></span> <span class='ocrx_word' id='word_1_358' title='bbox 793 2372 819 2422; x_wconf 92' lang='lat' dir='ltr'><strong><em>iu</em></strong></span> <span class='ocrx_word' id='word_1_359' title='bbox 836 2371 890 2423; x_wconf 86' lang='lat' dir='ltr'><strong><em>vol.</em></strong></span> <span class='ocrx_word' id='word_1_360' title='bbox 908 2371 987 2423; x_wconf 85' lang='lat' dir='ltr'><strong><em>lililll.</em></strong></span> <span class='ocrx_word' id='word_1_361' title='bbox 1012 2382 1037 2432; x_wconf 77' lang='lat' dir='ltr'><strong><em>p</em></strong></span> <span class='ocrx_word' id='word_1_362' title='bbox 1056 2371 1106 2419; x_wconf 72' lang='grc' dir='ltr'><strong><em>ιιι</em></strong></span> <span class='ocrx_word' id='word_1_363' title='bbox 1125 2382 1163 2435; x_wconf 78' lang='lat' dir='ltr'><strong><em>sq.</em></strong></span> <span class='ocrx_word' id='word_1_364' title='bbox 1186 2372 1320 2433; x_wconf 83' lang='lat' dir='ltr'><strong><em>recensui,</em></strong></span> <span class='ocrx_word' id='word_1_365' title='bbox 1342 2371 1466 2423; x_wconf 88' lang='lat' dir='ltr'><strong><em>dissemii</em></strong></span> <span class='ocrx_word' id='word_1_366' title='bbox 1488 2370 1513 2434; x_wconf 78' lang='lat' dir='ltr'><strong><em>s.</em></strong></span> <span class='ocrx_word' id='word_1_367' title='bbox 1531 2372 1570 2422; x_wconf 82' lang='lat' dir='ltr'><strong><em>Al.</em></strong></span> <span class='ocrx_word' id='word_1_368' title='bbox 1588 2383 1612 2433; x_wconf 92' lang='lat' dir='ltr'><strong><em>p.</em></strong></span> <span class='ocrx_word' id='word_1_369' title='bbox 1635 2371 1755 2422; x_wconf 79' lang='grc' dir='ltr'><strong>ιο-ιι.</strong></span> <span class='ocrx_word' id='word_1_370' title='bbox 1780 2372 1851 2423; x_wconf 88' lang='lat' dir='ltr'><strong><em>hisce</em></strong></span> <span class='ocrx_word' id='word_1_371' title='bbox 1877 2373 1978 2424; x_wconf 85' lang='lat' dir='ltr'><strong><em>verbis:</em></strong></span> <span class='ocrx_word' id='word_1_372' title='bbox 2001 2373 2090 2435; x_wconf 87' lang='lat' dir='ltr'><strong><em>„Prior</em></strong></span> <span class='ocrx_word' id='word_1_373' title='bbox 2113 2375 2191 2426; x_wconf 89' lang='lat' dir='ltr'><strong><em>Prae·</em></strong></span> 
     </span>
     <span class='ocr_line' id='line_1_25' title="bbox 179 2437 2234 2510; baseline 0.002 -17"><span class='ocrx_word' id='word_1_374' title='bbox 179 2441 242 2494; x_wconf 87' lang='lat' dir='ltr'><strong><em>lello</em></strong></span> <span class='ocrx_word' id='word_1_375' title='bbox 260 2438 287 2510; x_wconf 90' lang='lat' dir='ltr'><strong><em>[a</em></strong></span> <span class='ocrx_word' id='word_1_376' title='bbox 304 2442 467 2494; x_wconf 86' lang='lat' dir='ltr'><strong><em>lielenlhone</em></strong></span> <span class='ocrx_word' id='word_1_377' title='bbox 485 2440 648 2493; x_wconf 73' lang='lat' dir='ltr'><strong><em>confessioni</em></strong></span> <span class='ocrx_word' id='word_1_378' title='bbox 666 2439 821 2502; x_wconf 85' lang='lat' dir='ltr'><strong><em>praemisse]</em></strong></span> <span class='ocrx_word' id='word_1_379' title='bbox 838 2439 904 2490; x_wconf 87' lang='lat' dir='ltr'><strong><em>hsec</em></strong></span> <span class='ocrx_word' id='word_1_380' title='bbox 921 2438 1000 2490; x_wconf 90' lang='lat' dir='ltr'><strong><em>hebet</em></strong></span> <span class='ocrx_word' id='word_1_381' title='bbox 1016 2440 1109 2490; x_wconf 81' lang='lat' dir='ltr'><strong><em>verba:</em></strong></span> <span class='ocrx_word' id='word_1_382' title='bbox 1128 2437 1291 2494; x_wconf 85' lang='lat' dir='ltr'><strong><em>Addidtnoe</em></strong></span> <span class='ocrx_word' id='word_1_383' title='bbox 1308 2441 1338 2492; x_wconf 88' lang='lat' dir='ltr'><strong><em>et</em></strong></span> <span class='ocrx_word' id='word_1_384' title='bbox 1354 2438 1531 2502; x_wconf 80' lang='lat' dir='ltr'><strong><em>Apotopiom,</em></strong></span> <span class='ocrx_word' id='word_1_385' title='bbox 1549 2440 1726 2502; x_wconf 77' lang='lat' dir='ltr'><strong><em>peucetiam</em></strong></span> <span class='ocrx_word' id='word_1_386' title='bbox 1745 2442 1822 2494; x_wconf 78' lang='lat' dir='ltr'><strong><em>coes.</em></strong></span> <span class='ocrx_word' id='word_1_387' title='bbox 1849 2439 1995 2493; x_wconf 59' lang='lat' dir='ltr'><strong><em>ldoieetoti</em></strong></span> <span class='ocrx_word' id='word_1_388' title='bbox 2018 2441 2116 2494; x_wconf 85' lang='lat' dir='ltr'><strong><em>obtato</em></strong></span> <span class='ocrx_word' id='word_1_389' title='bbox 2139 2444 2191 2498; x_wconf 82' lang='lat' dir='ltr'><strong><em>eet.</em></strong></span> <span class='ocrx_word' id='word_1_390' title='bbox 2229 2488 2234 2497; x_wconf 92' lang='lat'><strong>.</strong></span> 
     </span>
     <span class='ocr_line' id='line_1_26' title="bbox 183 2505 2192 2574; baseline -0.001 -10"><span class='ocrx_word' id='word_1_391' title='bbox 183 2509 346 2565; x_wconf 69' lang='lat' dir='ltr'><strong><em>Pedanos</em></strong></span> <span class='ocrx_word' id='word_1_392' title='bbox 362 2510 436 2563; x_wconf 81' lang='lat' dir='ltr'><strong><em>eninr</em></strong></span> <span class='ocrx_word' id='word_1_393' title='bbox 449 2509 599 2574; x_wconf 68' lang='lat' dir='ltr'><strong><em>murm,</em></strong></span> <span class='ocrx_word' id='word_1_394' title='bbox 615 2511 651 2562; x_wconf 82' lang='lat' dir='ltr'><strong><em>nt</em></strong></span> <span class='ocrx_word' id='word_1_395' title='bbox 665 2507 736 2562; x_wconf 83' lang='lat' dir='ltr'><strong><em>etthi</em></strong></span> <span class='ocrx_word' id='word_1_396' title='bbox 750 2505 882 2562; x_wconf 74' lang='grc' dir='ltr'><strong>ειιεηιιιε</strong></span> <span class='ocrx_word' id='word_1_397' title='bbox 898 2517 955 2560; x_wconf 85' lang='lat' dir='ltr'><strong><em>son</em></strong></span> <span class='ocrx_word' id='word_1_398' title='bbox 970 2506 1115 2571; x_wconf 75' lang='lat' dir='ltr'><strong><em>foelicius,</em></strong></span> <span class='ocrx_word' id='word_1_399' title='bbox 1134 2517 1222 2570; x_wconf 74' lang='lat' dir='ltr'><strong><em>cume</em></strong></span> <span class='ocrx_word' id='word_1_400' title='bbox 1238 2505 1318 2562; x_wconf 85' lang='lat' dir='ltr'><strong><em>edite</em></strong></span> <span class='ocrx_word' id='word_1_401' title='bbox 1333 2511 1379 2563; x_wconf 80' lang='lat' dir='ltr'><strong><em>cet</em></strong></span> <span class='ocrx_word' id='word_1_402' title='bbox 1394 2507 1544 2572; x_wconf 73' lang='lat' dir='ltr'><strong><em>consemo.</em></strong></span> <span class='ocrx_word' id='word_1_403' title='bbox 1580 2510 1625 2560; x_wconf 84' lang='lat' dir='ltr'><strong><em>Ast</em></strong></span> <span class='ocrx_word' id='word_1_404' title='bbox 1643 2507 1749 2562; x_wconf 86' lang='lat' dir='ltr'><strong><em>caeserl</em></strong></span> <span class='ocrx_word' id='word_1_405' title='bbox 1766 2510 1870 2561; x_wconf 85' lang='lat' dir='ltr'><strong><em>brevem</em></strong></span> <span class='ocrx_word' id='word_1_406' title='bbox 1888 2509 2002 2572; x_wconf 80' lang='lat' dir='ltr'><strong><em>ellonem</em></strong></span> <span class='ocrx_word' id='word_1_407' title='bbox 2019 2510 2046 2561; x_wconf 89' lang='lat' dir='ltr'><strong><em>ln</em></strong></span> <span class='ocrx_word' id='word_1_408' title='bbox 2065 2509 2192 2573; x_wconf 85' lang='lat' dir='ltr'><strong><em>comitile,</em></strong></span> 
     </span>
     <span class='ocr_line' id='line_1_27' title="bbox 178 2573 2193 2640; baseline 0.001 -10"><span class='ocrx_word' id='word_1_409' title='bbox 178 2579 294 2631; x_wconf 91' lang='lat' dir='ltr'><strong><em>nondum</em></strong></span> <span class='ocrx_word' id='word_1_410' title='bbox 312 2580 395 2640; x_wconf 81' lang='lat' dir='ltr'><strong><em>lecte,</em></strong></span> <span class='ocrx_word' id='word_1_411' title='bbox 412 2578 460 2631; x_wconf 90' lang='lat' dir='ltr'><strong><em>sed</em></strong></span> <span class='ocrx_word' id='word_1_412' title='bbox 478 2577 566 2630; x_wconf 84' lang='lat' dir='ltr'><strong><em>cudite</em></strong></span> <span class='ocrx_word' id='word_1_413' title='bbox 584 2582 684 2630; x_wconf 78' lang='lat' dir='ltr'><strong><em>mutum</em></strong></span> <span class='ocrx_word' id='word_1_414' title='bbox 702 2575 890 2629; x_wconf 81' lang='lat' dir='ltr'><strong><em>Poniliciorum</em></strong></span> <span class='ocrx_word' id='word_1_415' title='bbox 908 2573 1074 2639; x_wconf 73' lang='lat' dir='ltr'><strong><em>refutatione,</em></strong></span> <span class='ocrx_word' id='word_1_416' title='bbox 1092 2577 1263 2638; x_wconf 78' lang='lat' dir='ltr'><strong><em>consuiptum</em></strong></span> <span class='ocrx_word' id='word_1_417' title='bbox 1281 2576 1430 2638; x_wconf 79' lang='lat' dir='ltr'><strong><em>Apologiem</em></strong></span> <span class='ocrx_word' id='word_1_418' title='bbox 1448 2574 1531 2628; x_wconf 84' lang='lat' dir='ltr'><strong><em>luisse</em></strong></span> <span class='ocrx_word' id='word_1_419' title='bbox 1550 2576 1676 2637; x_wconf 85' lang='lat' dir='ltr'><strong><em>obiciam,</em></strong></span> <span class='ocrx_word' id='word_1_420' title='bbox 1693 2575 1857 2629; x_wconf 89' lang='lat' dir='ltr'><strong><em>notissimum</em></strong></span> <span class='ocrx_word' id='word_1_421' title='bbox 1877 2581 1931 2640; x_wconf 92' lang='grc' dir='ltr'><strong>εει,</strong></span> <span class='ocrx_word' id='word_1_422' title='bbox 1955 2577 1996 2630; x_wconf 94' lang='lat' dir='ltr'><strong><em>hic</em></strong></span> <span class='ocrx_word' id='word_1_423' title='bbox 2018 2581 2108 2631; x_wconf 84' lang='lat' dir='ltr'><strong><em>autem</em></strong></span> <span class='ocrx_word' id='word_1_424' title='bbox 2129 2578 2193 2635; x_wconf 87' lang='lat' dir='ltr'><strong><em>sub·</em></strong></span> 
     </span>
     <span class='ocr_line' id='line_1_28' title="bbox 178 2636 2193 2710; baseline 0 -12"><span class='ocrx_word' id='word_1_425' title='bbox 178 2647 249 2709; x_wconf 91' lang='lat' dir='ltr'><strong><em>iungi</em></strong></span> <span class='ocrx_word' id='word_1_426' title='bbox 267 2646 428 2699; x_wconf 73' lang='lat' dir='ltr'><strong><em>confessioni</em></strong></span> <span class='ocrx_word' id='word_1_427' title='bbox 446 2646 596 2708; x_wconf 83' lang='lat' dir='ltr'><strong><em>Apologinm</em></strong></span> <span class='ocrx_word' id='word_1_428' title='bbox 614 2645 772 2707; x_wconf 83' lang='lat' dir='ltr'><strong><em>uberiorem,</em></strong></span> <span class='ocrx_word' id='word_1_429' title='bbox 791 2655 869 2707; x_wconf 79' lang='lat' dir='ltr'><strong><em>ouem</em></strong></span> <span class='ocrx_word' id='word_1_430' title='bbox 886 2644 1018 2706; x_wconf 89' lang='lat' dir='ltr'><strong><em>Philippus</em></strong></span> <span class='ocrx_word' id='word_1_431' title='bbox 1036 2644 1118 2707; x_wconf 90' lang='lat' dir='ltr'><strong><em>domi,</em></strong></span> <span class='ocrx_word' id='word_1_432' title='bbox 1135 2647 1163 2697; x_wconf 93' lang='grc' dir='ltr'><strong><em>ει</em></strong></span> <span class='ocrx_word' id='word_1_433' title='bbox 1179 2651 1271 2697; x_wconf 86' lang='lat' dir='ltr'><strong><em>unctus</em></strong></span> <span class='ocrx_word' id='word_1_434' title='bbox 1289 2647 1388 2696; x_wconf 87' lang='lat' dir='ltr'><strong><em>interes</em></strong></span> <span class='ocrx_word' id='word_1_435' title='bbox 1407 2636 1573 2709; x_wconf 72' lang='grc' dir='ltr'><em>ἀπόγραφον</em></span> <span class='ocrx_word' id='word_1_436' title='bbox 1591 2643 1761 2698; x_wconf 83' lang='lat' dir='ltr'><strong><em>Retutstionis</em></strong></span> <span class='ocrx_word' id='word_1_437' title='bbox 1779 2643 1926 2697; x_wconf 90' lang='lat' dir='ltr'><strong><em>Pouiliiclae</em></strong></span> <span class='ocrx_word' id='word_1_438' title='bbox 1945 2647 2147 2710; x_wconf 86' lang='lat' dir='ltr'><strong><em>conscripserat,</em></strong></span> <span class='ocrx_word' id='word_1_439' title='bbox 2166 2646 2193 2699; x_wconf 93' lang='grc' dir='ltr'><strong><em>ει</em></strong></span> 
     </span>
     <span class='ocr_line' id='line_1_29' title="bbox 179 2710 2195 2778; baseline 0 -11"><span class='ocrx_word' id='word_1_440' title='bbox 179 2714 308 2768; x_wconf 88' lang='lat' dir='ltr'><strong><em>Praeietib</em></strong></span> <span class='ocrx_word' id='word_1_441' title='bbox 324 2715 475 2778; x_wconf 87' lang='lat' dir='ltr'><strong><em>Apologiee,</em></strong></span> <span class='ocrx_word' id='word_1_442' title='bbox 495 2719 522 2766; x_wconf 88' lang='grc' dir='ltr'><strong><em>ει</em></strong></span> <span class='ocrx_word' id='word_1_443' title='bbox 537 2714 594 2776; x_wconf 83' lang='lat' dir='ltr'><strong><em>ipso</em></strong></span> <span class='ocrx_word' id='word_1_444' title='bbox 612 2714 729 2767; x_wconf 88' lang='lat' dir='ltr'><strong><em>eiusdem</em></strong></span> <span class='ocrx_word' id='word_1_445' title='bbox 747 2713 873 2775; x_wconf 87' lang='lat' dir='ltr'><strong><em>inspectio</em></strong></span> <span class='ocrx_word' id='word_1_446' title='bbox 890 2711 996 2765; x_wconf 77' lang='grc' dir='ltr'><strong>ιιεεειιιι</strong></span> <span class='ocrx_word' id='word_1_447' title='bbox 1014 2710 1151 2765; x_wconf 74' lang='lat' dir='ltr'><strong><em>condetur</em></strong></span> <span class='ocrx_word' id='word_1_448' title='bbox 1167 2713 1253 2776; x_wconf 74' lang='lat' dir='ltr'><strong><em>ibone</em></strong></span> <span class='ocrx_word' id='word_1_449' title='bbox 1272 2725 1305 2764; x_wconf 78' lang='lat' dir='ltr'><strong><em>er</em></strong></span> <span class='ocrx_word' id='word_1_450' title='bbox 1322 2714 1375 2777; x_wconf 94' lang='lat' dir='ltr'><strong><em>hls,</em></strong></span> <span class='ocrx_word' id='word_1_451' title='bbox 1392 2713 1505 2774; x_wconf 90' lang='lat' dir='ltr'><strong><em>primum</em></strong></span> <span class='ocrx_word' id='word_1_452' title='bbox 1523 2713 1606 2765; x_wconf 87' lang='lat' dir='ltr'><strong><em>tuisse</em></strong></span> <span class='ocrx_word' id='word_1_453' title='bbox 1624 2712 1718 2765; x_wconf 79' lang='lat' dir='ltr'><strong><em>itdltorl</em></strong></span> <span class='ocrx_word' id='word_1_454' title='bbox 1735 2713 1863 2775; x_wconf 79' lang='lat' dir='ltr'><strong><em>mimum,</em></strong></span> <span class='ocrx_word' id='word_1_455' title='bbox 1880 2714 2009 2768; x_wconf 88' lang='lat' dir='ltr'><strong><em>subiicere</em></strong></span> <span class='ocrx_word' id='word_1_456' title='bbox 2028 2714 2195 2769; x_wconf 77' lang='lat' dir='ltr'><strong><em>confessioni</em></strong></span> 
     </span>
     <span class='ocr_line' id='line_1_30' title="bbox 177 2781 2194 2847; baseline 0 -10"><span class='ocrx_word' id='word_1_457' title='bbox 177 2782 325 2837; x_wconf 81' lang='lat' dir='ltr'><strong><em>breviorem</em></strong></span> <span class='ocrx_word' id='word_1_458' title='bbox 341 2783 413 2836; x_wconf 81' lang='lat' dir='ltr'><strong><em>illem</em></strong></span> <span class='ocrx_word' id='word_1_459' title='bbox 430 2782 593 2847; x_wconf 74' lang='lat' dir='ltr'><strong><em>spolecium,</em></strong></span> <span class='ocrx_word' id='word_1_460' title='bbox 612 2783 668 2835; x_wconf 85' lang='lat' dir='ltr'><strong><em>slve</em></strong></span> <span class='ocrx_word' id='word_1_461' title='bbox 683 2782 889 2841; x_wconf 71' lang='lat' dir='ltr'><strong><em>delineationem</em></strong></span> <span class='ocrx_word' id='word_1_462' title='bbox 905 2781 977 2835; x_wconf 88' lang='lat' dir='ltr'><strong><em>illem</em></strong></span> <span class='ocrx_word' id='word_1_463' title='bbox 994 2782 1144 2845; x_wconf 81' lang='lat' dir='ltr'><strong><em>Apologiae,</em></strong></span> <span class='ocrx_word' id='word_1_464' title='bbox 1161 2792 1179 2834; x_wconf 84' lang='grc' dir='ltr'><strong>ι</strong></span> <span class='ocrx_word' id='word_1_465' title='bbox 1196 2781 1324 2844; x_wconf 76' lang='lat' dir='ltr'><strong><em>chylrueo</em></strong></span> <span class='ocrx_word' id='word_1_466' title='bbox 1340 2781 1486 2845; x_wconf 70' lang='lat' dir='ltr'><strong><em>umerum,</em></strong></span> <span class='ocrx_word' id='word_1_467' title='bbox 1511 2784 1538 2833; x_wconf 94' lang='grc' dir='ltr'><strong><em>ει</em></strong></span> <span class='ocrx_word' id='word_1_468' title='bbox 1555 2782 1686 2843; x_wconf 74' lang='lat' dir='ltr'><strong><em>imisue</em></strong></span> <span class='ocrx_word' id='word_1_469' title='bbox 1712 2783 1897 2846; x_wconf 66' lang='lat' dir='ltr'><strong><em>censendum,</em></strong></span> <span class='ocrx_word' id='word_1_470' title='bbox 1922 2783 1970 2837; x_wconf 86' lang='lat' dir='ltr'><strong><em>sed</em></strong></span> <span class='ocrx_word' id='word_1_471' title='bbox 1992 2787 2110 2837; x_wconf 65' lang='lat' dir='ltr'><strong><em>mutem</em></strong></span> <span class='ocrx_word' id='word_1_472' title='bbox 2132 2794 2194 2837; x_wconf 85' lang='lat' dir='ltr'><strong><em>euu-</em></strong></span> 
     </span>
     <span class='ocr_line' id='line_1_31' title="bbox 178 2848 2193 2917; baseline 0 -13"><span class='ocrx_word' id='word_1_473' title='bbox 178 2852 274 2904; x_wconf 89' lang='lat' dir='ltr'><strong><em>eillum.</em></strong></span> <span class='ocrx_word' id='word_1_474' title='bbox 309 2852 394 2915; x_wconf 90' lang='lat' dir='ltr'><strong><em>ipsam</em></strong></span> <span class='ocrx_word' id='word_1_475' title='bbox 411 2852 480 2903; x_wconf 88' lang='lat' dir='ltr'><strong><em>hene</em></strong></span> <span class='ocrx_word' id='word_1_476' title='bbox 495 2851 663 2904; x_wconf 87' lang='lat' dir='ltr'><strong><em>mutationem</em></strong></span> <span class='ocrx_word' id='word_1_477' title='bbox 681 2862 791 2916; x_wconf 79' lang='lat' dir='ltr'><strong><em>eamque</em></strong></span> <span class='ocrx_word' id='word_1_478' title='bbox 808 2861 861 2903; x_wconf 91' lang='lat' dir='ltr'><strong><em>non</em></strong></span> <span class='ocrx_word' id='word_1_479' title='bbox 879 2860 957 2902; x_wconf 92' lang='lat' dir='ltr'><strong><em>unam</em></strong></span> <span class='ocrx_word' id='word_1_480' title='bbox 980 2849 1124 2906; x_wconf 85' lang='lat' dir='ltr'><strong><em>clarissime</em></strong></span> <span class='ocrx_word' id='word_1_481' title='bbox 1146 2848 1243 2903; x_wconf 83' lang='lat' dir='ltr'><strong><em>indicat</em></strong></span> <span class='ocrx_word' id='word_1_482' title='bbox 1265 2849 1404 2913; x_wconf 84' lang='lat' dir='ltr'><strong><em>pecuihris</em></strong></span> <span class='ocrx_word' id='word_1_483' title='bbox 1426 2848 1556 2904; x_wconf 88' lang='lat' dir='ltr'><strong><em>Preetetio</em></strong></span> <span class='ocrx_word' id='word_1_484' title='bbox 1579 2849 1718 2914; x_wconf 83' lang='lat' dir='ltr'><strong><em>Apologiee</em></strong></span> <span class='ocrx_word' id='word_1_485' title='bbox 1740 2850 1768 2902; x_wconf 93' lang='lat' dir='ltr'><strong><em>in</em></strong></span> <span class='ocrx_word' id='word_1_486' title='bbox 1791 2850 1904 2904; x_wconf 80' lang='lat' dir='ltr'><strong><em>editione</em></strong></span> <span class='ocrx_word' id='word_1_487' title='bbox 1927 2852 1978 2904; x_wconf 88' lang='lat' dir='ltr'><strong><em>hec</em></strong></span> <span class='ocrx_word' id='word_1_488' title='bbox 2000 2852 2117 2917; x_wconf 79' lang='lat' dir='ltr'><strong><em>Principe</em></strong></span> <span class='ocrx_word' id='word_1_489' title='bbox 2140 2863 2193 2905; x_wconf 91' lang='lat' dir='ltr'><strong><em>non</em></strong></span> 
     </span>
     <span class='ocr_line' id='line_1_32' title="bbox 179 2917 2195 2984; baseline 0.001 -11"><span class='ocrx_word' id='word_1_490' title='bbox 179 2920 236 2973; x_wconf 87' lang='lat' dir='ltr'><strong><em>elue</em></strong></span> <span class='ocrx_word' id='word_1_491' title='bbox 254 2921 340 2973; x_wconf 88' lang='lat' dir='ltr'><strong><em>causis</em></strong></span> <span class='ocrx_word' id='word_1_492' title='bbox 358 2919 462 2974; x_wconf 73' lang='lat' dir='ltr'><strong><em>subicis</em></strong></span> <span class='ocrx_word' id='word_1_493' title='bbox 478 2919 635 2982; x_wconf 87' lang='lat' dir='ltr'><strong><em>praemissu:</em></strong></span> <span class='ocrx_word' id='word_1_494' title='bbox 653 2918 772 2972; x_wconf 78' lang='lat' dir='ltr'><strong><em>Praebui</em></strong></span> <span class='ocrx_word' id='word_1_495' title='bbox 789 2919 849 2971; x_wconf 91' lang='lat' dir='ltr'><strong><em>huic</em></strong></span> <span class='ocrx_word' id='word_1_496' title='bbox 865 2918 1022 2971; x_wconf 86' lang='lat' dir='ltr'><strong><em>Preciaiioul</em></strong></span> <span class='ocrx_word' id='word_1_497' title='bbox 1046 2917 1225 2972; x_wconf 85' lang='lat' dir='ltr'><strong><em>lielenchtbon</em></strong></span> <span class='ocrx_word' id='word_1_498' title='bbox 1249 2929 1346 2971; x_wconf 92' lang='lat' dir='ltr'><strong><em>nomeu</em></strong></span> <span class='ocrx_word' id='word_1_499' title='bbox 1367 2928 1459 2983; x_wconf 89' lang='lat' dir='ltr'><strong><em>enum,</em></strong></span> <span class='ocrx_word' id='word_1_500' title='bbox 1482 2921 1560 2984; x_wconf 78' lang='lat' dir='ltr'><strong><em>atque</em></strong></span> <span class='ocrx_word' id='word_1_501' title='bbox 1583 2919 1609 2970; x_wconf 91' lang='lat' dir='ltr'><strong><em>in</em></strong></span> <span class='ocrx_word' id='word_1_502' title='bbox 1633 2917 1719 2971; x_wconf 88' lang='lat' dir='ltr'><strong><em>medio</em></strong></span> <span class='ocrx_word' id='word_1_503' title='bbox 1743 2918 1861 2973; x_wconf 90' lang='lat' dir='ltr'><strong><em>eiusdem</em></strong></span> <span class='ocrx_word' id='word_1_504' title='bbox 1886 2919 1953 2972; x_wconf 89' lang='lat' dir='ltr'><strong><em>haec</em></strong></span> <span class='ocrx_word' id='word_1_505' title='bbox 1975 2919 2077 2973; x_wconf 87' lang='lat' dir='ltr'><strong><em>scribit:</em></strong></span> <span class='ocrx_word' id='word_1_506' title='bbox 2102 2920 2195 2982; x_wconf 69' lang='lat' dir='ltr'><strong><em>own·</em></strong></span> 
     </span>
     <span class='ocr_line' id='line_1_33' title="bbox 178 2984 2192 3052; baseline 0 -10"><span class='ocrx_word' id='word_1_507' title='bbox 178 2998 267 3052; x_wconf 78' lang='lat' dir='ltr'><strong><em>penne</em></strong></span> <span class='ocrx_word' id='word_1_508' title='bbox 283 2991 380 3043; x_wconf 73' lang='lat' dir='ltr'><strong><em>oeten</em></strong></span> <span class='ocrx_word' id='word_1_509' title='bbox 395 2988 478 3043; x_wconf 87' lang='lat' dir='ltr'><strong><em>initio</em></strong></span> <span class='ocrx_word' id='word_1_510' title='bbox 494 2987 656 3051; x_wconf 72' lang='lat' dir='ltr'><strong><em>Apobmem</em></strong></span> <span class='ocrx_word' id='word_1_511' title='bbox 671 2987 857 3051; x_wconf 70' lang='lat' dir='ltr'><strong><em>mtitoinrot,</em></strong></span> <span class='ocrx_word' id='word_1_512' title='bbox 875 3011 909 3023; x_wconf 89' lang='lat'><em>-</em></span> <span class='ocrx_word' id='word_1_513' title='bbox 926 3011 961 3026; x_wconf 90' lang='lat'>-</span> <span class='ocrx_word' id='word_1_514' title='bbox 978 2985 1086 3041; x_wconf 67' lang='lat' dir='ltr'><strong><em>edun</em></strong></span> <span class='ocrx_word' id='word_1_515' title='bbox 1101 2997 1171 3042; x_wconf 82' lang='lat' dir='ltr'><strong><em>esee.</em></strong></span> <span class='ocrx_word' id='word_1_516' title='bbox 1192 2984 1272 3051; x_wconf 85' lang='lat' dir='ltr'><strong><em>[llaec</em></strong></span> <span class='ocrx_word' id='word_1_517' title='bbox 1292 2987 1373 3039; x_wconf 82' lang='lat' dir='ltr'><strong><em>verbe</em></strong></span> <span class='ocrx_word' id='word_1_518' title='bbox 1395 2986 1447 3040; x_wconf 91' lang='lat' dir='ltr'><strong><em>lam</em></strong></span> <span class='ocrx_word' id='word_1_519' title='bbox 1470 2998 1549 3051; x_wconf 90' lang='lat' dir='ltr'><strong><em>supra</em></strong></span> <span class='ocrx_word' id='word_1_520' title='bbox 1572 2987 1655 3040; x_wconf 79' lang='lat' dir='ltr'><strong><em>dieta</em></strong></span> <span class='ocrx_word' id='word_1_521' title='bbox 1676 2987 1757 3051; x_wconf 83' lang='lat' dir='ltr'><strong><em>snut]</em></strong></span> <span class='ocrx_word' id='word_1_522' title='bbox 1782 2987 1914 3051; x_wconf 88' lang='lat' dir='ltr'><strong><em>buplicem</em></strong></span> <span class='ocrx_word' id='word_1_523' title='bbox 1939 2987 1982 3041; x_wconf 94' lang='lat' dir='ltr'><strong><em>hlc</em></strong></span> <span class='ocrx_word' id='word_1_524' title='bbox 2004 2989 2192 3042; x_wconf 86' lang='lat' dir='ltr'><strong><em>commemoret</em></strong></span> 
     </span>
     <span class='ocr_line' id='line_1_34' title="bbox 176 3054 2194 3123; baseline -0.001 -11"><span class='ocrx_word' id='word_1_525' title='bbox 176 3058 343 3123; x_wconf 79' lang='lat' dir='ltr'><strong><em>Apdoglem,</em></strong></span> <span class='ocrx_word' id='word_1_526' title='bbox 360 3058 470 3111; x_wconf 81' lang='lat' dir='ltr'><strong><em>silerem</em></strong></span> <span class='ocrx_word' id='word_1_527' title='bbox 488 3057 677 3110; x_wconf 90' lang='lat' dir='ltr'><strong><em>communicato</em></strong></span> <span class='ocrx_word' id='word_1_528' title='bbox 694 3068 753 3110; x_wconf 89' lang='lat' dir='ltr'><strong><em>cum</em></strong></span> <span class='ocrx_word' id='word_1_529' title='bbox 771 3056 829 3109; x_wconf 89' lang='lat' dir='ltr'><strong><em>allis</em></strong></span> <span class='ocrx_word' id='word_1_530' title='bbox 847 3054 957 3111; x_wconf 78' lang='lat' dir='ltr'><strong><em>cursilis</em></strong></span> <span class='ocrx_word' id='word_1_531' title='bbox 975 3057 1134 3121; x_wconf 77' lang='lat' dir='ltr'><strong><em>msiltubm,</em></strong></span> <span class='ocrx_word' id='word_1_532' title='bbox 1151 3055 1261 3109; x_wconf 82' lang='lat' dir='ltr'><strong><em>silerem</em></strong></span> <span class='ocrx_word' id='word_1_533' title='bbox 1283 3055 1352 3108; x_wconf 87' lang='lat' dir='ltr'><strong><em>inter</em></strong></span> <span class='ocrx_word' id='word_1_534' title='bbox 1373 3055 1552 3110; x_wconf 80' lang='lat' dir='ltr'><strong><em>excedendum</em></strong></span> <span class='ocrx_word' id='word_1_535' title='bbox 1574 3055 1729 3119; x_wconf 82' lang='lat' dir='ltr'><strong><em>quibusdam</em></strong></span> <span class='ocrx_word' id='word_1_536' title='bbox 1751 3055 1938 3109; x_wconf 86' lang='lat' dir='ltr'><strong><em>adiectionibus</em></strong></span> <span class='ocrx_word' id='word_1_537' title='bbox 1960 3059 2100 3122; x_wconf 82' lang='lat' dir='ltr'><strong><em>mutatam3</em></strong></span> <span class='ocrx_word' id='word_1_538' title='bbox 2121 3056 2194 3111; x_wconf 89' lang='lat' dir='ltr'><strong><em>Prior</em></strong></span> 
     </span>
     <span class='ocr_line' id='line_1_35' title="bbox 178 3122 2193 3191; baseline 0 -13"><span class='ocrx_word' id='word_1_539' title='bbox 178 3122 256 3180; x_wconf 87' lang='lat' dir='ltr'><strong><em>iacile</em></strong></span> <span class='ocrx_word' id='word_1_540' title='bbox 273 3126 406 3180; x_wconf 83' lang='lat' dir='ltr'><strong><em>rideretur</em></strong></span> <span class='ocrx_word' id='word_1_541' title='bbox 422 3137 483 3178; x_wconf 91' lang='grc' dir='ltr'><strong>εεεε</strong></span> <span class='ocrx_word' id='word_1_542' title='bbox 500 3125 590 3179; x_wconf 86' lang='lat' dir='ltr'><strong><em>Brevis</em></strong></span> <span class='ocrx_word' id='word_1_543' title='bbox 606 3124 651 3178; x_wconf 91' lang='lat' dir='ltr'><strong><em>iiia</em></strong></span> <span class='ocrx_word' id='word_1_544' title='bbox 668 3124 792 3188; x_wconf 73' lang='lat' dir='ltr'><strong><em>Apologia</em></strong></span> <span class='ocrx_word' id='word_1_545' title='bbox 808 3124 941 3187; x_wconf 78' lang='lat' dir='ltr'><strong><em>Augustos</em></strong></span> <span class='ocrx_word' id='word_1_546' title='bbox 958 3122 1050 3178; x_wconf 88' lang='lat' dir='ltr'><strong><em>litteris</em></strong></span> <span class='ocrx_word' id='word_1_547' title='bbox 1069 3126 1232 3189; x_wconf 64' lang='lat' dir='ltr'><strong><em>comlgnstn</em></strong></span> <span class='ocrx_word' id='word_1_548' title='bbox 1250 3124 1344 3177; x_wconf 78' lang='lat' dir='ltr'><strong><em>verum</em></strong></span> <span class='ocrx_word' id='word_1_549' title='bbox 1362 3135 1420 3177; x_wconf 88' lang='lat' dir='ltr'><strong><em>cum</em></strong></span> <span class='ocrx_word' id='word_1_550' title='bbox 1438 3125 1503 3178; x_wconf 91' lang='lat' dir='ltr'><strong><em>haec</em></strong></span> <span class='ocrx_word' id='word_1_551' title='bbox 1520 3123 1547 3178; x_wconf 91' lang='lat' dir='ltr'><strong><em>in</em></strong></span> <span class='ocrx_word' id='word_1_552' title='bbox 1569 3123 1680 3178; x_wconf 85' lang='lat' dir='ltr'><strong><em>llbtoru</em></strong></span> <span class='ocrx_word' id='word_1_553' title='bbox 1701 3125 1729 3177; x_wconf 80' lang='lat' dir='ltr'><strong><em>A</em></strong></span> <span class='ocrx_word' id='word_1_554' title='bbox 1749 3123 1774 3178; x_wconf 76' lang='grc' dir='ltr'><strong><em>ι’.</em></strong></span> <span class='ocrx_word' id='word_1_555' title='bbox 1794 3124 1955 3188; x_wconf 81' lang='lat' dir='ltr'><strong><em>chytreeana</em></strong></span> <span class='ocrx_word' id='word_1_556' title='bbox 1978 3125 2021 3179; x_wconf 81' lang='lat' dir='ltr'><strong><em>vix</em></strong></span> <span class='ocrx_word' id='word_1_557' title='bbox 2038 3128 2054 3175; x_wconf 81' lang='lat' dir='ltr'><strong><em>t</em></strong></span> <span class='ocrx_word' id='word_1_558' title='bbox 2072 3125 2193 3191; x_wconf 88' lang='lat' dir='ltr'><strong><em>plegnies</em></strong></span> 
     </span>
     <span class='ocr_line' id='line_1_36' title="bbox 178 3190 2193 3259; baseline 0 -12"><span class='ocrx_word' id='word_1_559' title='bbox 178 3195 300 3259; x_wconf 82' lang='lat' dir='ltr'><strong><em>implent,</em></strong></span> <span class='ocrx_word' id='word_1_560' title='bbox 317 3195 422 3248; x_wconf 80' lang='lat' dir='ltr'><strong><em>ubeder</em></strong></span> <span class='ocrx_word' id='word_1_561' title='bbox 439 3197 527 3247; x_wconf 91' lang='lat' dir='ltr'><strong><em>aulem</em></strong></span> <span class='ocrx_word' id='word_1_562' title='bbox 544 3193 667 3256; x_wconf 74' lang='lat' dir='ltr'><strong><em>Apologia</em></strong></span> <span class='ocrx_word' id='word_1_563' title='bbox 684 3191 718 3240; x_wconf 80' lang='lat'><strong><em>³⁷</em></strong></span> <span class='ocrx_word' id='word_1_564' title='bbox 735 3191 848 3255; x_wconf 81' lang='lat' dir='ltr'><strong><em>plagulis</em></strong></span> <span class='ocrx_word' id='word_1_565' title='bbox 866 3193 979 3257; x_wconf 67' lang='lat' dir='ltr'><strong><em>conset,</em></strong></span> <span class='ocrx_word' id='word_1_566' title='bbox 997 3193 1106 3255; x_wconf 86' lang='lat' dir='ltr'><strong><em>insigms</em></strong></span> <span class='ocrx_word' id='word_1_567' title='bbox 1123 3194 1189 3245; x_wconf 84' lang='lat' dir='ltr'><strong><em>brec</em></strong></span> <span class='ocrx_word' id='word_1_568' title='bbox 1213 3190 1379 3257; x_wconf 86' lang='lat' dir='ltr'><strong><em>ampllhcstio</em></strong></span> <span class='ocrx_word' id='word_1_569' title='bbox 1401 3204 1450 3256; x_wconf 90' lang='lat' dir='ltr'><strong><em>per</em></strong></span> <span class='ocrx_word' id='word_1_570' title='bbox 1470 3193 1553 3246; x_wconf 90' lang='lat' dir='ltr'><strong><em>solam</em></strong></span> <span class='ocrx_word' id='word_1_571' title='bbox 1576 3192 1747 3247; x_wconf 76' lang='lat' dir='ltr'><strong><em>adlectionem</em></strong></span> <span class='ocrx_word' id='word_1_572' title='bbox 1770 3192 1947 3257; x_wconf 78' lang='lat' dir='ltr'><strong><em>quorundam,</em></strong></span> <span class='ocrx_word' id='word_1_573' title='bbox 1972 3193 2040 3247; x_wconf 83' lang='lat' dir='ltr'><strong><em>inter</em></strong></span> <span class='ocrx_word' id='word_1_574' title='bbox 2063 3194 2193 3248; x_wconf 82' lang='lat' dir='ltr'><strong><em>excuden-</em></strong></span> 
     </span>
     <span class='ocr_line' id='line_1_37' title="bbox 179 3260 2195 3328; baseline 0.001 -13"><span class='ocrx_word' id='word_1_575' title='bbox 179 3263 248 3319; x_wconf 28' lang='lat' dir='ltr'><strong><em>dum,</em></strong></span> <span class='ocrx_word' id='word_1_576' title='bbox 259 3263 365 3324; x_wconf 75' lang='lat' dir='ltr'><strong><em>lecum,</em></strong></span> <span class='ocrx_word' id='word_1_577' title='bbox 381 3263 453 3316; x_wconf 87' lang='lat' dir='ltr'><strong><em>huni</em></strong></span> <span class='ocrx_word' id='word_1_578' title='bbox 469 3274 522 3316; x_wconf 91' lang='lat' dir='ltr'><strong><em>nen</em></strong></span> <span class='ocrx_word' id='word_1_579' title='bbox 539 3264 636 3325; x_wconf 90' lang='lat' dir='ltr'><strong><em>potest:</em></strong></span> <span class='ocrx_word' id='word_1_580' title='bbox 654 3260 749 3325; x_wconf 77' lang='lat' dir='ltr'><strong><em>duplex</em></strong></span> <span class='ocrx_word' id='word_1_581' title='bbox 765 3261 843 3324; x_wconf 83' lang='lat' dir='ltr'><strong><em>igltm</em></strong></span> <span class='ocrx_word' id='word_1_582' title='bbox 858 3260 962 3313; x_wconf 72' lang='lat' dir='ltr'><strong><em>obsum</em></strong></span> <span class='ocrx_word' id='word_1_583' title='bbox 979 3261 1102 3324; x_wconf 72' lang='lat' dir='ltr'><strong><em>Apologia</em></strong></span> <span class='ocrx_word' id='word_1_584' title='bbox 1118 3261 1289 3323; x_wconf 78' lang='lat' dir='ltr'><strong><em>iutellisendr</em></strong></span> <span class='ocrx_word' id='word_1_585' title='bbox 1307 3265 1362 3325; x_wconf 85' lang='lat' dir='ltr'><strong><em>est,</em></strong></span> <span class='ocrx_word' id='word_1_586' title='bbox 1380 3263 1463 3315; x_wconf 87' lang='lat' dir='ltr'><strong><em>altere</em></strong></span> <span class='ocrx_word' id='word_1_587' title='bbox 1481 3262 1669 3316; x_wconf 86' lang='lat' dir='ltr'><strong><em>communicato</em></strong></span> <span class='ocrx_word' id='word_1_588' title='bbox 1686 3273 1745 3315; x_wconf 90' lang='lat' dir='ltr'><strong><em>cum</em></strong></span> <span class='ocrx_word' id='word_1_589' title='bbox 1763 3262 1822 3316; x_wconf 92' lang='lat' dir='ltr'><strong><em>allis</em></strong></span> <span class='ocrx_word' id='word_1_590' title='bbox 1840 3261 1947 3316; x_wconf 79' lang='grc' dir='ltr'><strong>εοιιειιιε</strong></span> <span class='ocrx_word' id='word_1_591' title='bbox 1965 3261 2091 3328; x_wconf 71' lang='lat' dir='ltr'><strong><em>hstium,</em></strong></span> <span class='ocrx_word' id='word_1_592' title='bbox 2109 3263 2195 3318; x_wconf 81' lang='lat' dir='ltr'><strong><em>utera</em></strong></span> 
     </span>
     <span class='ocr_line' id='line_1_38' title="bbox 178 3326 2192 3399; baseline 0 -13"><span class='ocrx_word' id='word_1_593' title='bbox 178 3328 270 3386; x_wconf 81' lang='lat' dir='ltr'><strong><em>reolo</em></strong></span> <span class='ocrx_word' id='word_1_594' title='bbox 286 3332 481 3385; x_wconf 88' lang='lat' dir='ltr'><strong><em>lielenchthone</em></strong></span> <span class='ocrx_word' id='word_1_595' title='bbox 498 3331 525 3383; x_wconf 88' lang='lat' dir='ltr'><strong><em>in</em></strong></span> <span class='ocrx_word' id='word_1_596' title='bbox 542 3329 696 3395; x_wconf 77' lang='lat' dir='ltr'><strong><em>quibusdem</em></strong></span> <span class='ocrx_word' id='word_1_597' title='bbox 714 3333 790 3384; x_wconf 76' lang='lat' dir='ltr'><strong><em>auda</em></strong></span> <span class='ocrx_word' id='word_1_598' title='bbox 807 3330 875 3382; x_wconf 91' lang='lat' dir='ltr'><strong><em>iuter</em></strong></span> <span class='ocrx_word' id='word_1_599' title='bbox 892 3326 1079 3383; x_wconf 84' lang='lat' dir='ltr'><strong><em>excudendum.</em></strong></span> <span class='ocrx_word' id='word_1_600' title='bbox 1113 3330 1228 3394; x_wconf 82' lang='lat' dir='ltr'><strong><em>vestigia</em></strong></span> <span class='ocrx_word' id='word_1_601' title='bbox 1245 3331 1321 3384; x_wconf 82' lang='lat' dir='ltr'><strong><em>huus</em></strong></span> <span class='ocrx_word' id='word_1_602' title='bbox 1338 3330 1488 3386; x_wconf 70' lang='lat' dir='ltr'><strong><em>mundonis</em></strong></span> <span class='ocrx_word' id='word_1_603' title='bbox 1506 3331 1575 3385; x_wconf 87' lang='lat' dir='ltr'><strong><em>heud</em></strong></span> <span class='ocrx_word' id='word_1_604' title='bbox 1593 3331 1706 3385; x_wconf 88' lang='lat' dir='ltr'><strong><em>obscura</em></strong></span> <span class='ocrx_word' id='word_1_605' title='bbox 1723 3331 1819 3394; x_wconf 90' lang='lat' dir='ltr'><strong><em>reperii</em></strong></span> <span class='ocrx_word' id='word_1_606' title='bbox 1841 3332 1870 3386; x_wconf 90' lang='lat' dir='ltr'><strong><em>b.</em></strong></span> <span class='ocrx_word' id='word_1_607' title='bbox 1888 3332 1998 3387; x_wconf 68' lang='lat' dir='ltr'><strong><em>Praene</em></strong></span> <span class='ocrx_word' id='word_1_608' title='bbox 2018 3329 2192 3399; x_wconf 83' lang='lat' dir='ltr'><strong><em>[ienerllnusl</em></strong></span> 
     </span>
     <span class='ocr_line' id='line_1_39' title="bbox 178 3397 2195 3466; baseline 0.001 -12"><span class='ocrx_word' id='word_1_609' title='bbox 178 3401 207 3454; x_wconf 90' lang='lat' dir='ltr'><strong><em>in</em></strong></span> <span class='ocrx_word' id='word_1_610' title='bbox 222 3399 380 3454; x_wconf 78' lang='lat' dir='ltr'><strong><em>Bibliotheca</em></strong></span> <span class='ocrx_word' id='word_1_611' title='bbox 396 3399 500 3464; x_wconf 74' lang='lat' dir='ltr'><strong><em>publice</em></strong></span> <span class='ocrx_word' id='word_1_612' title='bbox 517 3399 626 3453; x_wconf 86' lang='lat' dir='ltr'><strong><em>illustris</em></strong></span> <span class='ocrx_word' id='word_1_613' title='bbox 643 3397 712 3461; x_wconf 89' lang='lat' dir='ltr'><strong><em>lielp.</em></strong></span> <span class='ocrx_word' id='word_1_614' title='bbox 729 3397 968 3460; x_wconf 76' lang='lat' dir='ltr'><strong><em>iiorimbergensls3</em></strong></span> <span class='ocrx_word' id='word_1_615' title='bbox 985 3410 1080 3463; x_wconf 89' lang='lat' dir='ltr'><strong><em>nempe</em></strong></span> <span class='ocrx_word' id='word_1_616' title='bbox 1096 3399 1128 3453; x_wconf 81' lang='lat' dir='ltr'><strong><em>il</em></strong></span> <span class='ocrx_word' id='word_1_617' title='bbox 1145 3398 1265 3463; x_wconf 77' lang='lat' dir='ltr'><strong><em>plagulas</em></strong></span> <span class='ocrx_word' id='word_1_618' title='bbox 1283 3400 1422 3464; x_wconf 85' lang='lat' dir='ltr'><strong><em>Apologiee</em></strong></span> <span class='ocrx_word' id='word_1_619' title='bbox 1440 3402 1467 3452; x_wconf 93' lang='lat' dir='ltr'><strong><em>ln</em></strong></span> <span class='ocrx_word' id='word_1_620' title='bbox 1484 3401 1509 3450; x_wconf 79' lang='lat' dir='ltr'><strong><em>t.</em></strong></span> <span class='ocrx_word' id='word_1_621' title='bbox 1528 3401 1546 3454; x_wconf 83' lang='lat' dir='ltr'><strong><em>A</em></strong></span> <span class='ocrx_word' id='word_1_622' title='bbox 1563 3398 1593 3453; x_wconf 75' lang='lat' dir='ltr'><strong><em>li</em></strong></span> <span class='ocrx_word' id='word_1_623' title='bbox 1611 3399 1639 3455; x_wconf 78' lang='lat' dir='ltr'><strong><em>b</em></strong></span> <span class='ocrx_word' id='word_1_624' title='bbox 1655 3401 1686 3454; x_wconf 84' lang='lat' dir='ltr'><strong><em>hl.</em></strong></span> <span class='ocrx_word' id='word_1_625' title='bbox 1704 3401 1732 3455; x_wconf 88' lang='lat' dir='ltr'><strong><em>ll.</em></strong></span> <span class='ocrx_word' id='word_1_626' title='bbox 1751 3400 1778 3454; x_wconf 91' lang='lat'><strong><em>0.</em></strong></span> <span class='ocrx_word' id='word_1_627' title='bbox 1800 3399 1894 3454; x_wconf 86' lang='lat' dir='ltr'><strong><em>lisdem</em></strong></span> <span class='ocrx_word' id='word_1_628' title='bbox 1916 3401 1999 3466; x_wconf 83' lang='lat' dir='ltr'><strong><em>typis,</em></strong></span> <span class='ocrx_word' id='word_1_629' title='bbox 2020 3402 2064 3466; x_wconf 78' lang='lat' dir='ltr'><strong><em>uni</em></strong></span> <span class='ocrx_word' id='word_1_630' title='bbox 2088 3403 2116 3457; x_wconf 94' lang='lat' dir='ltr'><strong><em>ln</em></strong></span> <span class='ocrx_word' id='word_1_631' title='bbox 2139 3401 2195 3456; x_wconf 86' lang='lat' dir='ltr'><strong><em>eiii·</em></strong></span> 
     </span>
     <span class='ocr_line' id='line_1_40' title="bbox 179 3466 2191 3537; baseline 0 -14"><span class='ocrx_word' id='word_1_632' title='bbox 179 3467 250 3523; x_wconf 90' lang='lat' dir='ltr'><strong><em>tione</em></strong></span> <span class='ocrx_word' id='word_1_633' title='bbox 268 3471 295 3521; x_wconf 85' lang='lat' dir='ltr'><strong><em>A</em></strong></span> <span class='ocrx_word' id='word_1_634' title='bbox 313 3467 339 3521; x_wconf 86' lang='lat' dir='ltr'><strong><em>c.</em></strong></span> <span class='ocrx_word' id='word_1_635' title='bbox 358 3471 386 3521; x_wconf 92' lang='grc' dir='ltr'><strong><em>ει</em></strong></span> <span class='ocrx_word' id='word_1_636' title='bbox 402 3467 525 3532; x_wconf 76' lang='lat' dir='ltr'><strong><em>Apologia</em></strong></span> <span class='ocrx_word' id='word_1_637' title='bbox 542 3467 656 3531; x_wconf 84' lang='lat' dir='ltr'><strong><em>Principe</em></strong></span> <span class='ocrx_word' id='word_1_638' title='bbox 674 3466 754 3529; x_wconf 83' lang='lat' dir='ltr'><strong><em>obvii,</em></strong></span> <span class='ocrx_word' id='word_1_639' title='bbox 772 3477 895 3531; x_wconf 83' lang='lat' dir='ltr'><strong><em>excuses,</em></strong></span> <span class='ocrx_word' id='word_1_640' title='bbox 914 3469 992 3532; x_wconf 79' lang='lat' dir='ltr'><strong><em>atque</em></strong></span> <span class='ocrx_word' id='word_1_641' title='bbox 1010 3468 1147 3521; x_wconf 80' lang='lat' dir='ltr'><strong><em>ardentum</em></strong></span> <span class='ocrx_word' id='word_1_642' title='bbox 1166 3467 1199 3521; x_wconf 91' lang='lat' dir='ltr'><strong><em>de</em></strong></span> <span class='ocrx_word' id='word_1_643' title='bbox 1216 3467 1398 3522; x_wconf 84' lang='lat' dir='ltr'><strong><em>iustihcetlone</em></strong></span> <span class='ocrx_word' id='word_1_644' title='bbox 1415 3469 1494 3532; x_wconf 89' lang='lat' dir='ltr'><strong><em>plene</em></strong></span> <span class='ocrx_word' id='word_1_645' title='bbox 1512 3468 1592 3522; x_wconf 81' lang='lat' dir='ltr'><strong><em>adum</em></strong></span> <span class='ocrx_word' id='word_1_646' title='bbox 1610 3469 1777 3533; x_wconf 80' lang='lat' dir='ltr'><strong><em>exhibentes,</em></strong></span> <span class='ocrx_word' id='word_1_647' title='bbox 1795 3480 1873 3533; x_wconf 80' lang='lat' dir='ltr'><strong><em>quam</em></strong></span> <span class='ocrx_word' id='word_1_648' title='bbox 1895 3468 1922 3521; x_wconf 92' lang='lat' dir='ltr'><strong><em>in</em></strong></span> <span class='ocrx_word' id='word_1_649' title='bbox 1946 3468 2102 3524; x_wconf 90' lang='lat' dir='ltr'><strong><em>editionibus</em></strong></span> <span class='ocrx_word' id='word_1_650' title='bbox 2123 3472 2191 3537; x_wconf 92' lang='lat' dir='ltr'><strong><em>Apo·</em></strong></span> 
     </span>
     <span class='ocr_line' id='line_1_41' title="bbox 177 3535 2190 3602; baseline 0.002 -13"><span class='ocrx_word' id='word_1_651' title='bbox 177 3536 273 3601; x_wconf 80' lang='lat' dir='ltr'><strong><em>legire,</em></strong></span> <span class='ocrx_word' id='word_1_652' title='bbox 289 3536 315 3600; x_wconf 72' lang='grc' dir='ltr'><strong><em>ς.</em></strong></span> <span class='ocrx_word' id='word_1_653' title='bbox 332 3537 381 3591; x_wconf 81' lang='lat' dir='ltr'><strong><em>lii.</em></strong></span> <span class='ocrx_word' id='word_1_654' title='bbox 397 3535 578 3600; x_wconf 88' lang='lat' dir='ltr'><strong><em>recensendis,</em></strong></span> <span class='ocrx_word' id='word_1_655' title='bbox 596 3535 705 3599; x_wconf 85' lang='lat' dir='ltr'><strong><em>legitur;</em></strong></span> <span class='ocrx_word' id='word_1_656' title='bbox 722 3536 749 3588; x_wconf 92' lang='lat' dir='ltr'><strong><em>lu</em></strong></span> <span class='ocrx_word' id='word_1_657' title='bbox 765 3536 815 3588; x_wconf 90' lang='lat' dir='ltr'><strong><em>hoc</em></strong></span> <span class='ocrx_word' id='word_1_658' title='bbox 831 3535 911 3597; x_wconf 84' lang='lat' dir='ltr'><strong><em>igliur</em></strong></span> <span class='ocrx_word' id='word_1_659' title='bbox 926 3536 1033 3589; x_wconf 88' lang='lat' dir='ltr'><strong><em>srtlculo</em></strong></span> <span class='ocrx_word' id='word_1_660' title='bbox 1050 3537 1188 3600; x_wconf 85' lang='lat' dir='ltr'><strong><em>Apologiee</em></strong></span> <span class='ocrx_word' id='word_1_661' title='bbox 1207 3536 1239 3590; x_wconf 93' lang='lat' dir='ltr'><strong><em>de</em></strong></span> <span class='ocrx_word' id='word_1_662' title='bbox 1258 3535 1439 3591; x_wconf 77' lang='lat' dir='ltr'><strong><em>iustificatione</em></strong></span> <span class='ocrx_word' id='word_1_663' title='bbox 1457 3537 1588 3602; x_wconf 88' lang='lat' dir='ltr'><strong><em>Philippus</em></strong></span> <span class='ocrx_word' id='word_1_664' title='bbox 1607 3537 1692 3592; x_wconf 93' lang='lat' dir='ltr'><strong><em>denuo</em></strong></span> <span class='ocrx_word' id='word_1_665' title='bbox 1710 3537 1813 3591; x_wconf 82' lang='lat' dir='ltr'><strong><em>ueocr</em></strong></span> <span class='ocrx_word' id='word_1_666' title='bbox 1830 3539 2107 3602; x_wconf 83' lang='lat' dir='ltr'><strong><em>mutesseApologlem</em></strong></span> <span class='ocrx_word' id='word_1_667' title='bbox 2124 3539 2190 3594; x_wconf 91' lang='lat' dir='ltr'><strong><em>ube·</em></strong></span> 
     </span>
     <span class='ocr_line' id='line_1_42' title="bbox 179 3605 2192 3671; baseline 0.002 -13"><span class='ocrx_word' id='word_1_668' title='bbox 179 3607 287 3667; x_wconf 76' lang='lat' dir='ltr'><strong><em>domm,</em></strong></span> <span class='ocrx_word' id='word_1_669' title='bbox 303 3615 371 3669; x_wconf 82' lang='lat' dir='ltr'><strong><em>quse</em></strong></span> <span class='ocrx_word' id='word_1_670' title='bbox 388 3606 445 3658; x_wconf 86' lang='lat' dir='ltr'><strong><em>sola</em></strong></span> <span class='ocrx_word' id='word_1_671' title='bbox 462 3605 530 3658; x_wconf 86' lang='lat' dir='ltr'><strong><em>iuter</em></strong></span> <span class='ocrx_word' id='word_1_672' title='bbox 546 3606 626 3658; x_wconf 91' lang='lat' dir='ltr'><strong><em>libros</em></strong></span> <span class='ocrx_word' id='word_1_673' title='bbox 643 3605 772 3658; x_wconf 76' lang='lat' dir='ltr'><strong><em>Ecclesiae</em></strong></span> <span class='ocrx_word' id='word_1_674' title='bbox 793 3607 900 3658; x_wconf 89' lang='lat' dir='ltr'><strong><em>nostree</em></strong></span> <span class='ocrx_word' id='word_1_675' title='bbox 924 3605 1084 3667; x_wconf 80' lang='lat' dir='ltr'><strong><em>symbolicos</em></strong></span> <span class='ocrx_word' id='word_1_676' title='bbox 1107 3608 1213 3669; x_wconf 88' lang='lat' dir='ltr'><strong><em>recepta</em></strong></span> <span class='ocrx_word' id='word_1_677' title='bbox 1236 3608 1290 3668; x_wconf 88' lang='lat' dir='ltr'><strong><em>esi,</em></strong></span> <span class='ocrx_word' id='word_1_678' title='bbox 1313 3607 1349 3659; x_wconf 88' lang='lat' dir='ltr'><strong><em>lia</em></strong></span> <span class='ocrx_word' id='word_1_679' title='bbox 1370 3606 1475 3670; x_wconf 81' lang='lat' dir='ltr'><strong><em>quidem</em></strong></span> <span class='ocrx_word' id='word_1_680' title='bbox 1497 3611 1526 3658; x_wconf 90' lang='lat' dir='ltr'><strong><em>ut</em></strong></span> <span class='ocrx_word' id='word_1_681' title='bbox 1547 3608 1668 3669; x_wconf 76' lang='lat' dir='ltr'><strong><em>plagulae</em></strong></span> <span class='ocrx_word' id='word_1_682' title='bbox 1694 3607 1756 3659; x_wconf 88' lang='lat' dir='ltr'><strong><em>iliae</em></strong></span> <span class='ocrx_word' id='word_1_683' title='bbox 1778 3608 1810 3659; x_wconf 83' lang='lat' dir='ltr'><strong><em>il</em></strong></span> <span class='ocrx_word' id='word_1_684' title='bbox 1831 3607 1971 3660; x_wconf 87' lang='lat' dir='ltr'><strong><em>erhlbeeut</em></strong></span> <span class='ocrx_word' id='word_1_685' title='bbox 1994 3608 2021 3660; x_wconf 92' lang='lat' dir='ltr'><strong><em>lu</em></strong></span> <span class='ocrx_word' id='word_1_686' title='bbox 2042 3609 2091 3662; x_wconf 94' lang='lat' dir='ltr'><strong><em>hac</em></strong></span> <span class='ocrx_word' id='word_1_687' title='bbox 2117 3613 2192 3671; x_wconf 84' lang='lat' dir='ltr'><strong><em>parte</em></strong></span> 
     </span>
    </p>
   </div>
   <div class='ocr_carea' id='block_1_7' title="bbox 180 3673 2194 3797">
    <p class='ocr_par' dir='ltr' id='par_1_7' title="bbox 180 3673 2194 3797">
     <span class='ocr_line' id='line_1_43' title="bbox 180 3673 2194 3796; baseline 0.001 -69"><span class='ocrx_word' id='word_1_688' title='bbox 180 3675 537 3796; x_wconf 35' lang='grc' dir='ltr'><strong><em>411191εῆιέιειέιῐῑεὲιιειιιεειο</em></strong></span> <span class='ocrx_word' id='word_1_689' title='bbox 555 3686 613 3726; x_wconf 83' lang='lat' dir='ltr'><strong><em>cunr</em></strong></span> <span class='ocrx_word' id='word_1_690' title='bbox 631 3674 689 3726; x_wconf 89' lang='lat' dir='ltr'><strong><em>eliis</em></strong></span> <span class='ocrx_word' id='word_1_691' title='bbox 707 3673 814 3726; x_wconf 87' lang='lat' dir='ltr'><strong><em>consilio</em></strong></span> <span class='ocrx_word' id='word_1_692' title='bbox 832 3673 985 3738; x_wconf 71' lang='lat' dir='ltr'><strong><em>hellinum,</em></strong></span> <span class='ocrx_word' id='word_1_693' title='bbox 1003 3675 1053 3727; x_wconf 85' lang='lat' dir='ltr'><strong><em>elle</em></strong></span> <span class='ocrx_word' id='word_1_694' title='bbox 1072 3686 1135 3728; x_wconf 83' lang='lat' dir='ltr'><strong><em>vero</em></strong></span> <span class='ocrx_word' id='word_1_695' title='bbox 1152 3675 1273 3739; x_wconf 81' lang='lat' dir='ltr'><strong><em>exempla</em></strong></span> <span class='ocrx_word' id='word_1_696' title='bbox 1291 3674 1411 3731; x_wconf 81' lang='lat' dir='ltr'><strong><em>editionis</em></strong></span> <span class='ocrx_word' id='word_1_697' title='bbox 1429 3675 1551 3739; x_wconf 77' lang='lat' dir='ltr'><strong><em>Principis</em></strong></span> <span class='ocrx_word' id='word_1_698' title='bbox 1569 3687 1614 3737; x_wconf 86' lang='lat' dir='ltr'><strong><em>ea,</em></strong></span> <span class='ocrx_word' id='word_1_699' title='bbox 1632 3686 1700 3739; x_wconf 80' lang='lat' dir='ltr'><strong><em>quse</em></strong></span> <span class='ocrx_word' id='word_1_700' title='bbox 1718 3675 1790 3728; x_wconf 91' lang='lat' dir='ltr'><strong><em>selus</em></strong></span> <span class='ocrx_word' id='word_1_701' title='bbox 1808 3675 1938 3740; x_wconf 88' lang='lat' dir='ltr'><strong><em>Philippos</em></strong></span> <span class='ocrx_word' id='word_1_702' title='bbox 1955 3675 2050 3730; x_wconf 86' lang='lat' dir='ltr'><strong><em>edieclt</em></strong></span> <span class='ocrx_word' id='word_1_703' title='bbox 2066 3679 2133 3730; x_wconf 85' lang='lat' dir='ltr'><strong><em>luter</em></strong></span> <span class='ocrx_word' id='word_1_704' title='bbox 2149 3689 2194 3731; x_wconf 85' lang='lat' dir='ltr'><strong><em>er·</em></strong></span> 
     </span>
     <span class='ocr_line' id='line_1_44' title="bbox 189 3756 335 3797; baseline -0.014 0"><span class='ocrx_word' id='word_1_705' title='bbox 189 3756 212 3797; x_wconf 92' lang='lat' dir='ltr'><strong><em>n</em></strong></span> <span class='ocrx_word' id='word_1_706' title='bbox 231 3756 264 3797; x_wconf 90' lang='lat' dir='ltr'><strong><em>eu</em></strong></span> <span class='ocrx_word' id='word_1_707' title='bbox 328 3781 335 3795; x_wconf 88' lang='lat'><strong>.</strong></span> 
     </span>
    </p>
   </div>
   <div class='ocr_carea' id='block_1_8' title="bbox 181 3825 2222 4030">
    <p class='ocr_par' dir='ltr' id='par_1_8' title="bbox 181 3825 2222 4030">
     <span class='ocr_line' id='line_1_45' title="bbox 334 3825 2192 3895; baseline 0.002 -14"><span class='ocrx_word' id='word_1_708' title='bbox 334 3829 445 3892; x_wconf 81' lang='lat' dir='ltr'><strong><em>Uterque</em></strong></span> <span class='ocrx_word' id='word_1_709' title='bbox 463 3826 541 3889; x_wconf 84' lang='lat' dir='ltr'><strong><em>igliur</em></strong></span> <span class='ocrx_word' id='word_1_710' title='bbox 557 3825 666 3888; x_wconf 88' lang='lat' dir='ltr'><strong><em>indicet,</em></strong></span> <span class='ocrx_word' id='word_1_711' title='bbox 684 3826 763 3878; x_wconf 88' lang='lat' dir='ltr'><strong><em>eiiam</em></strong></span> <span class='ocrx_word' id='word_1_712' title='bbox 781 3826 807 3878; x_wconf 93' lang='lat' dir='ltr'><strong><em>ln</em></strong></span> <span class='ocrx_word' id='word_1_713' title='bbox 825 3827 944 3880; x_wconf 87' lang='lat' dir='ltr'><strong><em>uberiore</em></strong></span> <span class='ocrx_word' id='word_1_714' title='bbox 961 3826 1086 3890; x_wconf 73' lang='lat' dir='ltr'><strong><em>Apologia</em></strong></span> <span class='ocrx_word' id='word_1_715' title='bbox 1104 3827 1262 3881; x_wconf 79' lang='lat' dir='ltr'><strong><em>elaboranda</em></strong></span> <span class='ocrx_word' id='word_1_716' title='bbox 1279 3826 1468 3879; x_wconf 89' lang='lat' dir='ltr'><strong><em>lielenthonem</em></strong></span> <span class='ocrx_word' id='word_1_717' title='bbox 1486 3827 1571 3880; x_wconf 90' lang='lat' dir='ltr'><strong><em>socios</em></strong></span> <span class='ocrx_word' id='word_1_718' title='bbox 1589 3825 1712 3879; x_wconf 74' lang='lat' dir='ltr'><strong><em>habuisse</em></strong></span> <span class='ocrx_word' id='word_1_719' title='bbox 1731 3831 1758 3881; x_wconf 91' lang='grc' dir='ltr'><strong><em>ει</em></strong></span> <span class='ocrx_word' id='word_1_720' title='bbox 1774 3829 1876 3883; x_wconf 88' lang='lat' dir='ltr'><strong><em>nonnisi</em></strong></span> <span class='ocrx_word' id='word_1_721' title='bbox 1893 3829 1978 3883; x_wconf 84' lang='lat' dir='ltr'><strong><em>iociim</em></strong></span> <span class='ocrx_word' id='word_1_722' title='bbox 2000 3827 2037 3885; x_wconf 86' lang='lat' dir='ltr'><strong><em>dc</em></strong></span> <span class='ocrx_word' id='word_1_723' title='bbox 2054 3829 2192 3895; x_wconf 69' lang='lat' dir='ltr'><strong><em>incutim-</em></strong></span> 
     </span>
     <span class='ocr_line' id='line_1_46' title="bbox 181 3894 2222 3962; baseline 0.002 -11"><span class='ocrx_word' id='word_1_724' title='bbox 181 3899 270 3962; x_wconf 84' lang='lat' dir='ltr'><strong><em>tione,</em></strong></span> <span class='ocrx_word' id='word_1_725' title='bbox 290 3896 373 3962; x_wconf 78' lang='lat' dir='ltr'><strong><em>ousiis</em></strong></span> <span class='ocrx_word' id='word_1_726' title='bbox 391 3898 417 3948; x_wconf 94' lang='lat' dir='ltr'><strong><em>iu</em></strong></span> <span class='ocrx_word' id='word_1_727' title='bbox 434 3895 585 3958; x_wconf 67' lang='lat' dir='ltr'><strong><em>vohadbus</em></strong></span> <span class='ocrx_word' id='word_1_728' title='bbox 603 3894 729 3956; x_wconf 84' lang='lat' dir='ltr'><strong><em>exemplis</em></strong></span> <span class='ocrx_word' id='word_1_729' title='bbox 746 3898 901 3949; x_wconf 79' lang='lat' dir='ltr'><strong><em>retractetur</em></strong></span> <span class='ocrx_word' id='word_1_730' title='bbox 920 3895 1030 3957; x_wconf 86' lang='lat' dir='ltr'><strong><em>legatur,</em></strong></span> <span class='ocrx_word' id='word_1_731' title='bbox 1048 3896 1081 3947; x_wconf 85' lang='lat' dir='ltr'><strong><em>eb</em></strong></span> <span class='ocrx_word' id='word_1_732' title='bbox 1104 3897 1162 3959; x_wconf 77' lang='lat' dir='ltr'><strong><em>ipso</em></strong></span> <span class='ocrx_word' id='word_1_733' title='bbox 1179 3895 1235 3949; x_wconf 86' lang='lat' dir='ltr'><strong><em>solo</em></strong></span> <span class='ocrx_word' id='word_1_734' title='bbox 1257 3907 1318 3948; x_wconf 89' lang='lat' dir='ltr'><strong><em>esse</em></strong></span> <span class='ocrx_word' id='word_1_735' title='bbox 1342 3896 1480 3960; x_wconf 89' lang='lat' dir='ltr'><strong><em>scriptum,</em></strong></span> <span class='ocrx_word' id='word_1_736' title='bbox 1504 3906 1562 3947; x_wconf 91' lang='lat' dir='ltr'><strong><em>com</em></strong></span> <span class='ocrx_word' id='word_1_737' title='bbox 1587 3897 1656 3959; x_wconf 91' lang='lat' dir='ltr'><strong><em>prlor</em></strong></span> <span class='ocrx_word' id='word_1_738' title='bbox 1672 3895 1749 3950; x_wconf 87' lang='lat' dir='ltr'><strong><em>huius</em></strong></span> <span class='ocrx_word' id='word_1_739' title='bbox 1772 3898 1822 3951; x_wconf 91' lang='lat' dir='ltr'><strong><em>loci</em></strong></span> <span class='ocrx_word' id='word_1_740' title='bbox 1845 3898 1930 3952; x_wconf 84' lang='lat' dir='ltr'><strong><em>terme</em></strong></span> <span class='ocrx_word' id='word_1_741' title='bbox 1954 3900 2083 3953; x_wconf 90' lang='lat' dir='ltr'><strong><em>communi</em></strong></span> <span class='ocrx_word' id='word_1_742' title='bbox 2107 3900 2222 3955; x_wconf 63' lang='lat' dir='ltr'><strong><em>sude»</em></strong></span> 
     </span>
     <span class='ocr_line' id='line_1_47' title="bbox 181 3962 1307 4030; baseline -0.003 -12"><span class='ocrx_word' id='word_1_743' title='bbox 181 3966 328 4030; x_wconf 86' lang='lat' dir='ltr'><strong><em>eleboreie,</em></strong></span> <span class='ocrx_word' id='word_1_744' title='bbox 347 3976 413 4029; x_wconf 84' lang='lat' dir='ltr'><strong><em>quae</em></strong></span> <span class='ocrx_word' id='word_1_745' title='bbox 432 3964 457 4016; x_wconf 92' lang='lat' dir='ltr'><strong><em>ln</em></strong></span> <span class='ocrx_word' id='word_1_746' title='bbox 475 3964 531 4016; x_wconf 92' lang='lat' dir='ltr'><strong><em>solo</em></strong></span> <span class='ocrx_word' id='word_1_747' title='bbox 549 3962 758 4025; x_wconf 85' lang='lat' dir='ltr'><strong><em>Norimbergensl</em></strong></span> <span class='ocrx_word' id='word_1_748' title='bbox 776 3962 896 4026; x_wconf 87' lang='lat' dir='ltr'><strong><em>exemplo</em></strong></span> <span class='ocrx_word' id='word_1_749' title='bbox 914 3965 1096 4026; x_wconf 85' lang='lat' dir='ltr'><strong><em>conservetur,</em></strong></span> <span class='ocrx_word' id='word_1_750' title='bbox 1114 3964 1209 4017; x_wconf 86' lang='lat' dir='ltr'><strong><em>ehollta</em></strong></span> <span class='ocrx_word' id='word_1_751' title='bbox 1227 3966 1307 4016; x_wconf 83' lang='lat' dir='ltr'><strong><em>esset.</em></strong></span> 
     </span>
    </p>
   </div>
   <div class='ocr_carea' id='block_1_9' title="bbox 181 4046 2201 4456">
    <p class='ocr_par' dir='ltr' id='par_1_9' title="bbox 181 4046 2201 4456">
     <span class='ocr_line' id='line_1_48' title="bbox 335 4046 2194 4118; baseline 0.002 -15"><span class='ocrx_word' id='word_1_752' title='bbox 335 4051 381 4103; x_wconf 84' lang='lat' dir='ltr'><strong><em>llis</em></strong></span> <span class='ocrx_word' id='word_1_753' title='bbox 398 4048 497 4102; x_wconf 84' lang='lat' dir='ltr'><strong><em>iudiciis</em></strong></span> <span class='ocrx_word' id='word_1_754' title='bbox 515 4047 621 4100; x_wconf 88' lang='lat' dir='ltr'><strong><em>minime</em></strong></span> <span class='ocrx_word' id='word_1_755' title='bbox 639 4049 781 4110; x_wconf 87' lang='lat' dir='ltr'><strong><em>essemlor,</em></strong></span> <span class='ocrx_word' id='word_1_756' title='bbox 798 4046 847 4100; x_wconf 90' lang='lat' dir='ltr'><strong><em>sed</em></strong></span> <span class='ocrx_word' id='word_1_757' title='bbox 865 4047 927 4100; x_wconf 91' lang='lat' dir='ltr'><strong><em>mihi</em></strong></span> <span class='ocrx_word' id='word_1_758' title='bbox 943 4059 1099 4110; x_wconf 88' lang='lat' dir='ltr'><strong><em>persuasum</em></strong></span> <span class='ocrx_word' id='word_1_759' title='bbox 1118 4051 1173 4111; x_wconf 84' lang='lat' dir='ltr'><strong><em>est,</em></strong></span> <span class='ocrx_word' id='word_1_760' title='bbox 1191 4048 1273 4103; x_wconf 92' lang='lat' dir='ltr'><strong><em>solem</em></strong></span> <span class='ocrx_word' id='word_1_761' title='bbox 1291 4048 1403 4110; x_wconf 89' lang='lat' dir='ltr'><strong><em>priorem</em></strong></span> <span class='ocrx_word' id='word_1_762' title='bbox 1421 4048 1570 4111; x_wconf 84' lang='lat' dir='ltr'><strong><em>Apologiem</em></strong></span> <span class='ocrx_word' id='word_1_763' title='bbox 1588 4049 1746 4115; x_wconf 82' lang='lat' dir='ltr'><strong><em>breviorem,</em></strong></span> <span class='ocrx_word' id='word_1_764' title='bbox 1764 4053 1917 4114; x_wconf 88' lang='lat' dir='ltr'><strong><em>praesertim</em></strong></span> <span class='ocrx_word' id='word_1_765' title='bbox 1935 4052 2021 4116; x_wconf 84' lang='lat' dir='ltr'><strong><em>idem,</em></strong></span> <span class='ocrx_word' id='word_1_766' title='bbox 2039 4053 2143 4118; x_wconf 77' lang='lat' dir='ltr'><strong><em>coelem</em></strong></span> <span class='ocrx_word' id='word_1_767' title='bbox 2161 4049 2194 4107; x_wconf 84' lang='lat' dir='ltr'><strong><em>er</em></strong></span> 
     </span>
     <span class='ocr_line' id='line_1_49' title="bbox 181 4115 2201 4183; baseline 0.003 -12"><span class='ocrx_word' id='word_1_768' title='bbox 181 4119 306 4182; x_wconf 78' lang='lat' dir='ltr'><strong><em>spaletinl</em></strong></span> <span class='ocrx_word' id='word_1_769' title='bbox 323 4119 471 4183; x_wconf 73' lang='lat' dir='ltr'><strong><em>apographo</em></strong></span> <span class='ocrx_word' id='word_1_770' title='bbox 489 4115 691 4178; x_wconf 75' lang='lat' dir='ltr'><strong><em>toelnrbytano</em></strong></span> <span class='ocrx_word' id='word_1_771' title='bbox 708 4127 787 4179; x_wconf 85' lang='lat' dir='ltr'><strong><em>scpm</em></strong></span> <span class='ocrx_word' id='word_1_772' title='bbox 805 4115 882 4180; x_wconf 88' lang='lat' dir='ltr'><strong><em>edldl,</em></strong></span> <span class='ocrx_word' id='word_1_773' title='bbox 900 4117 1023 4170; x_wconf 83' lang='lat' dir='ltr'><strong><em>assumtis</em></strong></span> <span class='ocrx_word' id='word_1_774' title='bbox 1042 4115 1119 4169; x_wconf 85' lang='lat' dir='ltr'><strong><em>sociis</em></strong></span> <span class='ocrx_word' id='word_1_775' title='bbox 1137 4129 1153 4170; x_wconf 93' lang='lat' dir='ltr'><strong><em>a</em></strong></span> <span class='ocrx_word' id='word_1_776' title='bbox 1170 4116 1331 4169; x_wconf 87' lang='lat' dir='ltr'><strong><em>lielentbone</em></strong></span> <span class='ocrx_word' id='word_1_777' title='bbox 1349 4129 1409 4170; x_wconf 89' lang='lat' dir='ltr'><strong><em>esse</em></strong></span> <span class='ocrx_word' id='word_1_778' title='bbox 1427 4122 1572 4181; x_wconf 71' lang='lat' dir='ltr'><strong><em>exarsum:</em></strong></span> <span class='ocrx_word' id='word_1_779' title='bbox 1591 4130 1652 4172; x_wconf 89' lang='lat' dir='ltr'><strong><em>uem</em></strong></span> <span class='ocrx_word' id='word_1_780' title='bbox 1671 4119 1728 4172; x_wconf 89' lang='lat' dir='ltr'><strong><em>elus</em></strong></span> <span class='ocrx_word' id='word_1_781' title='bbox 1751 4122 1961 4175; x_wconf 75' lang='lat' dir='ltr'><strong><em>retractationem</em></strong></span> <span class='ocrx_word' id='word_1_782' title='bbox 1986 4122 2013 4175; x_wconf 92' lang='lat' dir='ltr'><strong><em>in</em></strong></span> <span class='ocrx_word' id='word_1_783' title='bbox 2037 4122 2129 4175; x_wconf 89' lang='lat' dir='ltr'><strong><em>eodem</em></strong></span> <span class='ocrx_word' id='word_1_784' title='bbox 2148 4122 2201 4177; x_wconf 61' lang='lat' dir='ltr'><strong><em>coi</em></strong></span> 
     </span>
     <span class='ocr_line' id='line_1_50' title="bbox 181 4185 2193 4251; baseline 0.002 -11"><span class='ocrx_word' id='word_1_785' title='bbox 181 4188 237 4240; x_wconf 89' lang='lat' dir='ltr'><strong><em>dice</em></strong></span> <span class='ocrx_word' id='word_1_786' title='bbox 256 4193 333 4251; x_wconf 80' lang='lat' dir='ltr'><strong><em>eique</em></strong></span> <span class='ocrx_word' id='word_1_787' title='bbox 351 4187 475 4241; x_wconf 88' lang='lat' dir='ltr'><strong><em>onoldluo</em></strong></span> <span class='ocrx_word' id='word_1_788' title='bbox 493 4190 520 4239; x_wconf 91' lang='lat' dir='ltr'><strong><em>et</em></strong></span> <span class='ocrx_word' id='word_1_789' title='bbox 543 4186 703 4247; x_wconf 76' lang='lat' dir='ltr'><strong><em>chytreeeno</em></strong></span> <span class='ocrx_word' id='word_1_790' title='bbox 720 4188 868 4239; x_wconf 72' lang='lat' dir='ltr'><strong><em>muudum</em></strong></span> <span class='ocrx_word' id='word_1_791' title='bbox 894 4185 985 4238; x_wconf 81' lang='lat' dir='ltr'><strong><em>aeolo</em></strong></span> <span class='ocrx_word' id='word_1_792' title='bbox 1007 4185 1170 4238; x_wconf 85' lang='lat' dir='ltr'><strong><em>lielsnihoue</em></strong></span> <span class='ocrx_word' id='word_1_793' title='bbox 1188 4196 1249 4239; x_wconf 84' lang='lat' dir='ltr'><strong><em>esse</em></strong></span> <span class='ocrx_word' id='word_1_794' title='bbox 1266 4185 1361 4238; x_wconf 77' lang='lat' dir='ltr'><strong><em>iactam</em></strong></span> <span class='ocrx_word' id='word_1_795' title='bbox 1386 4186 1449 4239; x_wconf 91' lang='lat' dir='ltr'><strong><em>mibi</em></strong></span> <span class='ocrx_word' id='word_1_796' title='bbox 1471 4187 1685 4241; x_wconf 78' lang='lat' dir='ltr'><strong><em>vedelmiliinnm</em></strong></span> <span class='ocrx_word' id='word_1_797' title='bbox 1706 4188 1815 4243; x_wconf 78' lang='lat' dir='ltr'><strong><em>videtur.</em></strong></span> <span class='ocrx_word' id='word_1_798' title='bbox 1849 4190 1928 4243; x_wconf 87' lang='lat' dir='ltr'><strong><em>linito</em></strong></span> <span class='ocrx_word' id='word_1_799' title='bbox 1950 4191 2036 4251; x_wconf 86' lang='lat' dir='ltr'><strong><em>megls</em></strong></span> <span class='ocrx_word' id='word_1_800' title='bbox 2058 4191 2099 4242; x_wconf 91' lang='lat' dir='ltr'><strong><em>hic</em></strong></span> <span class='ocrx_word' id='word_1_801' title='bbox 2122 4191 2193 4244; x_wconf 89' lang='lat' dir='ltr'><strong><em>solus</em></strong></span> 
     </span>
     <span class='ocr_line' id='line_1_51' title="bbox 182 4253 2195 4321; baseline 0.002 -12"><span class='ocrx_word' id='word_1_802' title='bbox 182 4259 273 4310; x_wconf 89' lang='lat' dir='ltr'><strong><em>euctor</em></strong></span> <span class='ocrx_word' id='word_1_803' title='bbox 289 4259 331 4309; x_wconf 91' lang='grc' dir='ltr'><strong><em>εει</em></strong></span> <span class='ocrx_word' id='word_1_804' title='bbox 352 4255 484 4319; x_wconf 87' lang='lat' dir='ltr'><strong><em>aniphorls</em></strong></span> <span class='ocrx_word' id='word_1_805' title='bbox 506 4253 656 4318; x_wconf 81' lang='lat' dir='ltr'><strong><em>Apologiee,</em></strong></span> <span class='ocrx_word' id='word_1_806' title='bbox 678 4265 834 4318; x_wconf 78' lang='lat' dir='ltr'><strong><em>quamquam</em></strong></span> <span class='ocrx_word' id='word_1_807' title='bbox 859 4254 886 4307; x_wconf 92' lang='lat' dir='ltr'><strong><em>ln</em></strong></span> <span class='ocrx_word' id='word_1_808' title='bbox 907 4254 1075 4317; x_wconf 90' lang='lat' dir='ltr'><strong><em>praeiailonls</em></strong></span> <span class='ocrx_word' id='word_1_809' title='bbox 1098 4254 1154 4306; x_wconf 92' lang='lat' dir='ltr'><strong><em>loco</em></strong></span> <span class='ocrx_word' id='word_1_810' title='bbox 1177 4253 1256 4307; x_wconf 84' lang='lat' dir='ltr'><strong><em>elicto</em></strong></span> <span class='ocrx_word' id='word_1_811' title='bbox 1277 4265 1325 4318; x_wconf 89' lang='lat' dir='ltr'><strong><em>pro</em></strong></span> <span class='ocrx_word' id='word_1_812' title='bbox 1347 4267 1396 4307; x_wconf 87' lang='lat' dir='ltr'><strong><em>sun</em></strong></span> <span class='ocrx_word' id='word_1_813' title='bbox 1417 4254 1544 4310; x_wconf 82' lang='lat' dir='ltr'><strong><em>modestis</em></strong></span> <span class='ocrx_word' id='word_1_814' title='bbox 1567 4256 1683 4321; x_wconf 84' lang='lat' dir='ltr'><strong><em>scripsit,</em></strong></span> <span class='ocrx_word' id='word_1_815' title='bbox 1707 4270 1736 4310; x_wconf 88' lang='lat' dir='ltr'><strong><em>se</em></strong></span> <span class='ocrx_word' id='word_1_816' title='bbox 1760 4259 1828 4311; x_wconf 91' lang='lat' dir='ltr'><strong><em>iuter</em></strong></span> <span class='ocrx_word' id='word_1_817' title='bbox 1850 4257 2029 4311; x_wconf 82' lang='lat' dir='ltr'><strong><em>excudendum</em></strong></span> <span class='ocrx_word' id='word_1_818' title='bbox 2053 4258 2195 4321; x_wconf 69' lang='lat' dir='ltr'><strong><em>tenedon</em></strong></span> 
     </span>
     <span class='ocr_line' id='line_1_52' title="bbox 182 4321 2193 4391; baseline 0.002 -14"><span class='ocrx_word' id='word_1_819' title='bbox 182 4322 333 4387; x_wconf 72' lang='grc' dir='ltr'><strong>αόιεειειε,</strong></span> <span class='ocrx_word' id='word_1_820' title='bbox 351 4334 398 4387; x_wconf 92' lang='lat' dir='ltr'><strong><em>pro</em></strong></span> <span class='ocrx_word' id='word_1_821' title='bbox 416 4324 508 4387; x_wconf 82' lang='lat' dir='ltr'><strong><em>ombus</em></strong></span> <span class='ocrx_word' id='word_1_822' title='bbox 526 4322 614 4376; x_wconf 88' lang='lat' dir='ltr'><strong><em>verbis</em></strong></span> <span class='ocrx_word' id='word_1_823' title='bbox 631 4321 718 4375; x_wconf 88' lang='lat' dir='ltr'><strong><em>verius</em></strong></span> <span class='ocrx_word' id='word_1_824' title='bbox 736 4321 852 4390; x_wconf 83' lang='lat' dir='ltr'><strong><em>dixisset,</em></strong></span> <span class='ocrx_word' id='word_1_825' title='bbox 870 4335 908 4385; x_wconf 90' lang='lat' dir='ltr'><strong><em>se,</em></strong></span> <span class='ocrx_word' id='word_1_826' title='bbox 927 4323 1136 4376; x_wconf 64' lang='lat' dir='ltr'><strong><em>wutuutionem</em></strong></span> <span class='ocrx_word' id='word_1_827' title='bbox 1153 4324 1267 4386; x_wconf 71' lang='lat' dir='ltr'><strong><em>nedum,</em></strong></span> <span class='ocrx_word' id='word_1_828' title='bbox 1285 4323 1362 4387; x_wconf 90' lang='lat' dir='ltr'><strong><em>plane</em></strong></span> <span class='ocrx_word' id='word_1_829' title='bbox 1379 4335 1473 4376; x_wconf 82' lang='lat' dir='ltr'><strong><em>novem</em></strong></span> <span class='ocrx_word' id='word_1_830' title='bbox 1497 4325 1624 4389; x_wconf 81' lang='lat' dir='ltr'><strong><em>longeque</em></strong></span> <span class='ocrx_word' id='word_1_831' title='bbox 1642 4325 1788 4380; x_wconf 91' lang='lat' dir='ltr'><strong><em>uberiorem</em></strong></span> <span class='ocrx_word' id='word_1_832' title='bbox 1813 4327 1978 4391; x_wconf 75' lang='lat' dir='ltr'><strong><em>elaborasse,</em></strong></span> <span class='ocrx_word' id='word_1_833' title='bbox 1996 4330 2024 4379; x_wconf 91' lang='lat' dir='ltr'><strong><em>ut</em></strong></span> <span class='ocrx_word' id='word_1_834' title='bbox 2046 4326 2193 4382; x_wconf 82' lang='lat' dir='ltr'><strong><em>contessio-</em></strong></span> 
     </span>
     <span class='ocr_line' id='line_1_53' title="bbox 183 4390 1669 4456; baseline 0.001 -11"><span class='ocrx_word' id='word_1_835' title='bbox 183 4404 243 4445; x_wconf 87' lang='lat' dir='ltr'><strong><em>nem</em></strong></span> <span class='ocrx_word' id='word_1_836' title='bbox 262 4395 439 4455; x_wconf 81' lang='lat' dir='ltr'><strong><em>Aogusienem</em></strong></span> <span class='ocrx_word' id='word_1_837' title='bbox 456 4393 489 4444; x_wconf 93' lang='lat' dir='ltr'><strong><em>ab</em></strong></span> <span class='ocrx_word' id='word_1_838' title='bbox 506 4390 715 4446; x_wconf 76' lang='lat' dir='ltr'><strong><em>adversariorum</em></strong></span> <span class='ocrx_word' id='word_1_839' title='bbox 733 4391 869 4445; x_wconf 87' lang='lat' dir='ltr'><strong><em>calumniis</em></strong></span> <span class='ocrx_word' id='word_1_840' title='bbox 885 4404 956 4445; x_wconf 92' lang='lat' dir='ltr'><strong><em>nuuc</em></strong></span> <span class='ocrx_word' id='word_1_841' title='bbox 973 4392 1079 4445; x_wconf 90' lang='lat' dir='ltr'><strong><em>demum</em></strong></span> <span class='ocrx_word' id='word_1_842' title='bbox 1097 4391 1244 4445; x_wconf 80' lang='lat' dir='ltr'><strong><em>accuratius</em></strong></span> <span class='ocrx_word' id='word_1_843' title='bbox 1261 4391 1370 4454; x_wconf 84' lang='lat' dir='ltr'><strong><em>cognitis</em></strong></span> <span class='ocrx_word' id='word_1_844' title='bbox 1388 4392 1490 4456; x_wconf 83' lang='lat' dir='ltr'><strong><em>plenius</em></strong></span> <span class='ocrx_word' id='word_1_845' title='bbox 1508 4391 1669 4446; x_wconf 79' lang='lat' dir='ltr'><strong><em>detenderet.</em></strong></span> 
     </span>
    </p>
   </div>
   <div class='ocr_carea' id='block_1_10' title="bbox 185 4550 2194 4977">
    <p class='ocr_par' dir='ltr' id='par_1_10' title="bbox 185 4550 2194 4977">
     <span class='ocr_line' id='line_1_54' title="bbox 339 4550 2194 4636; baseline 0.002 -24"><span class='ocrx_word' id='word_1_846' title='bbox 339 4550 509 4631; x_wconf 88' lang='lat' dir='ltr'><strong><em>Postquem</em></strong></span> <span class='ocrx_word' id='word_1_847' title='bbox 526 4550 759 4614; x_wconf 83' lang='lat' dir='ltr'><strong><em>Feuerliuus</em></strong></span> <span class='ocrx_word' id='word_1_848' title='bbox 781 4553 907 4633; x_wconf 89' lang='lat' dir='ltr'><strong><em>primum</em></strong></span> <span class='ocrx_word' id='word_1_849' title='bbox 925 4572 951 4613; x_wconf 86' lang='lat' dir='ltr'><strong><em>e.</em></strong></span> <span class='ocrx_word' id='word_1_850' title='bbox 972 4557 1065 4614; x_wconf 82' lang='grc'><strong>1731.</strong></span> <span class='ocrx_word' id='word_1_851' title='bbox 1088 4552 1118 4612; x_wconf 94' lang='lat' dir='ltr'><strong><em>iu</em></strong></span> <span class='ocrx_word' id='word_1_852' title='bbox 1135 4551 1225 4614; x_wconf 82' lang='lat' dir='ltr'><strong><em>Actis</em></strong></span> <span class='ocrx_word' id='word_1_853' title='bbox 1242 4550 1450 4636; x_wconf 77' lang='lat' dir='ltr'><strong><em>anconicis,</em></strong></span> <span class='ocrx_word' id='word_1_854' title='bbox 1469 4559 1501 4614; x_wconf 93' lang='lat' dir='ltr'><strong><em>et</em></strong></span> <span class='ocrx_word' id='word_1_855' title='bbox 1523 4552 1633 4615; x_wconf 89' lang='lat' dir='ltr'><strong><em>deinde</em></strong></span> <span class='ocrx_word' id='word_1_856' title='bbox 1651 4571 1678 4615; x_wconf 78' lang='lat' dir='ltr'><strong><em>e</em></strong></span> <span class='ocrx_word' id='word_1_857' title='bbox 1695 4558 1797 4630; x_wconf 76' lang='lat'>1741,</span> <span class='ocrx_word' id='word_1_858' title='bbox 1816 4551 1869 4616; x_wconf 88' lang='lat' dir='ltr'><strong><em>iilo</em></strong></span> <span class='ocrx_word' id='word_1_859' title='bbox 1890 4554 2043 4636; x_wconf 73' lang='lat' dir='ltr'><strong><em>praeside,</em></strong></span> <span class='ocrx_word' id='word_1_860' title='bbox 2063 4553 2194 4616; x_wconf 90' lang='lat' dir='ltr'><strong><em>Sieur-</em></strong></span> 
     </span>
     <span class='ocr_line' id='line_1_55' title="bbox 185 4634 2193 4720; baseline 0.003 -25"><span class='ocrx_word' id='word_1_861' title='bbox 185 4635 281 4697; x_wconf 83' lang='lat' dir='ltr'><strong><em>weid</em></strong></span> <span class='ocrx_word' id='word_1_862' title='bbox 303 4638 332 4699; x_wconf 95' lang='lat' dir='ltr'><strong><em>iu</em></strong></span> <span class='ocrx_word' id='word_1_863' title='bbox 351 4637 567 4699; x_wconf 89' lang='lat' dir='ltr'><strong><em>dissertetione</em></strong></span> <span class='ocrx_word' id='word_1_864' title='bbox 587 4637 678 4699; x_wconf 90' lang='lat' dir='ltr'><strong><em>modo</em></strong></span> <span class='ocrx_word' id='word_1_865' title='bbox 695 4637 816 4700; x_wconf 86' lang='lat' dir='ltr'><strong><em>laudate</em></strong></span> <span class='ocrx_word' id='word_1_866' title='bbox 840 4638 880 4700; x_wconf 92' lang='lat' dir='ltr'><strong><em>de</em></strong></span> <span class='ocrx_word' id='word_1_867' title='bbox 902 4639 952 4700; x_wconf 90' lang='lat' dir='ltr'><strong><em>his</em></strong></span> <span class='ocrx_word' id='word_1_868' title='bbox 972 4640 990 4700; x_wconf 87' lang='grc'><strong>6</strong></span> <span class='ocrx_word' id='word_1_869' title='bbox 1009 4634 1145 4718; x_wconf 78' lang='lat' dir='ltr'><strong><em>plagulis</em></strong></span> <span class='ocrx_word' id='word_1_870' title='bbox 1170 4635 1279 4699; x_wconf 88' lang='lat'><strong>1-0.</strong></span> <span class='ocrx_word' id='word_1_871' title='bbox 1303 4641 1341 4700; x_wconf 88' lang='lat' dir='ltr'><strong><em>eh</em></strong></span> <span class='ocrx_word' id='word_1_872' title='bbox 1370 4640 1438 4718; x_wconf 90' lang='lat' dir='ltr'><strong><em>ipso</em></strong></span> <span class='ocrx_word' id='word_1_873' title='bbox 1468 4645 1590 4700; x_wconf 82' lang='lat' dir='ltr'><strong><em>auctore</em></strong></span> <span class='ocrx_word' id='word_1_874' title='bbox 1619 4638 1745 4713; x_wconf 87' lang='lat' dir='ltr'><strong><em>deletis,</em></strong></span> <span class='ocrx_word' id='word_1_875' title='bbox 1770 4642 1800 4700; x_wconf 94' lang='lat' dir='ltr'><strong><em>in</em></strong></span> <span class='ocrx_word' id='word_1_876' title='bbox 1828 4660 1889 4701; x_wconf 91' lang='lat' dir='ltr'><strong><em>uno</em></strong></span> <span class='ocrx_word' id='word_1_877' title='bbox 1911 4638 2051 4720; x_wconf 87' lang='lat' dir='ltr'><strong><em>exempio</em></strong></span> <span class='ocrx_word' id='word_1_878' title='bbox 2076 4637 2193 4702; x_wconf 87' lang='lat' dir='ltr'><strong><em>Nurim-</em></strong></span> 
     </span>
     <span class='ocr_line' id='line_1_56' title="bbox 185 4721 2192 4807; baseline 0.003 -25"><span class='ocrx_word' id='word_1_879' title='bbox 185 4722 329 4802; x_wconf 84' lang='lat' dir='ltr'><strong><em>hergensi</em></strong></span> <span class='ocrx_word' id='word_1_880' title='bbox 354 4724 544 4784; x_wconf 83' lang='lat' dir='ltr'><strong><em>conservetis</em></strong></span> <span class='ocrx_word' id='word_1_881' title='bbox 571 4725 773 4805; x_wconf 76' lang='lat' dir='ltr'><strong><em>scripserant,</em></strong></span> <span class='ocrx_word' id='word_1_882' title='bbox 797 4743 875 4785; x_wconf 85' lang='lat' dir='ltr'><strong><em>anuo</em></strong></span> <span class='ocrx_word' id='word_1_883' title='bbox 902 4727 995 4786; x_wconf 80' lang='lat'>1747.</span> <span class='ocrx_word' id='word_1_884' title='bbox 1021 4725 1112 4784; x_wconf 86' lang='lat' dir='ltr'><strong><em>etiem</em></strong></span> <span class='ocrx_word' id='word_1_885' title='bbox 1131 4721 1267 4806; x_wconf 79' lang='lat' dir='ltr'><strong><em>Georg.</em></strong></span> <span class='ocrx_word' id='word_1_886' title='bbox 1290 4721 1361 4785; x_wconf 90' lang='lat' dir='ltr'><strong><em>iec.</em></strong></span> <span class='ocrx_word' id='word_1_887' title='bbox 1387 4722 1611 4785; x_wconf 77' lang='lat' dir='ltr'><strong><em>Schmindei</em></strong></span> <span class='ocrx_word' id='word_1_888' title='bbox 1635 4725 1702 4805; x_wconf 88' lang='lat' dir='ltr'><strong><em>(qui</em></strong></span> <span class='ocrx_word' id='word_1_889' title='bbox 1725 4726 1794 4807; x_wconf 93' lang='lat' dir='ltr'><strong><em>ipse</em></strong></span> <span class='ocrx_word' id='word_1_890' title='bbox 1822 4726 1892 4787; x_wconf 87' lang='lat' dir='ltr'><strong><em>licto</em></strong></span> <span class='ocrx_word' id='word_1_891' title='bbox 1919 4727 2040 4788; x_wconf 89' lang='lat' dir='ltr'><strong><em>nomine</em></strong></span> <span class='ocrx_word' id='word_1_892' title='bbox 2068 4723 2192 4788; x_wconf 82' lang='lat' dir='ltr'><strong><em>Theo·</em></strong></span> 
     </span>
     <span class='ocr_line' id='line_1_57' title="bbox 185 4807 2192 4894; baseline 0.002 -26"><span class='ocrx_word' id='word_1_893' title='bbox 185 4807 283 4888; x_wconf 81' lang='lat' dir='ltr'><strong><em>phili</em></strong></span> <span class='ocrx_word' id='word_1_894' title='bbox 302 4808 453 4870; x_wconf 88' lang='lat' dir='ltr'><strong><em>Sinceri</em></strong></span> <span class='ocrx_word' id='word_1_895' title='bbox 472 4807 502 4871; x_wconf 93' lang='lat' dir='ltr'><strong><em>in</em></strong></span> <span class='ocrx_word' id='word_1_896' title='bbox 525 4807 615 4871; x_wconf 84' lang='lat' dir='ltr'><strong><em>libris</em></strong></span> <span class='ocrx_word' id='word_1_897' title='bbox 637 4811 707 4872; x_wconf 89' lang='lat' dir='ltr'><strong><em>suis</em></strong></span> <span class='ocrx_word' id='word_1_898' title='bbox 723 4828 761 4870; x_wconf 91' lang='lat' dir='ltr'><strong><em>se</em></strong></span> <span class='ocrx_word' id='word_1_899' title='bbox 783 4809 934 4886; x_wconf 80' lang='lat' dir='ltr'><strong><em>vocevit),</em></strong></span> <span class='ocrx_word' id='word_1_900' title='bbox 953 4807 1111 4871; x_wconf 84' lang='lat' dir='ltr'><strong><em>Discuuus</em></strong></span> <span class='ocrx_word' id='word_1_901' title='bbox 1129 4807 1398 4888; x_wconf 77' lang='lat' dir='ltr'><strong><em>Nodmbergemle</em></strong></span> <span class='ocrx_word' id='word_1_902' title='bbox 1420 4808 1526 4890; x_wconf 90' lang='lat' dir='ltr'><strong><em>tempii</em></strong></span> <span class='ocrx_word' id='word_1_903' title='bbox 1548 4808 1681 4891; x_wconf 84' lang='lat' dir='ltr'><strong><em>Spiritus</em></strong></span> <span class='ocrx_word' id='word_1_904' title='bbox 1699 4810 1733 4872; x_wconf 86' lang='lat' dir='ltr'><strong><em>S.</em></strong></span> <span class='ocrx_word' id='word_1_905' title='bbox 1755 4817 1787 4873; x_wconf 90' lang='lat' dir='ltr'><strong><em>et</em></strong></span> <span class='ocrx_word' id='word_1_906' title='bbox 1809 4810 1920 4873; x_wconf 80' lang='lat' dir='ltr'><strong><em>Senior</em></strong></span> <span class='ocrx_word' id='word_1_907' title='bbox 1936 4810 2070 4894; x_wconf 78' lang='lat' dir='ltr'><strong><em>Gepituii</em></strong></span> <span class='ocrx_word' id='word_1_908' title='bbox 2088 4817 2123 4893; x_wconf 66' lang='grc' dir='ltr'><strong><em>(τ</em></strong></span> <span class='ocrx_word' id='word_1_909' title='bbox 2144 4816 2192 4874; x_wconf 83' lang='grc'><strong><em>14.</em></strong></span> 
     </span>
     <span class='ocr_line' id='line_1_58' title="bbox 186 4894 1583 4977; baseline 0.001 -23"><span class='ocrx_word' id='word_1_910' title='bbox 186 4894 266 4973; x_wconf 82' lang='lat' dir='ltr'><strong><em>ling.</em></strong></span> <span class='ocrx_word' id='word_1_911' title='bbox 288 4894 442 4971; x_wconf 67' lang='lat' dir='ltr'><strong><em>litim</em></strong></span> <span class='ocrx_word' id='word_1_912' title='bbox 459 4895 673 4957; x_wconf 82' lang='lat' dir='ltr'><strong><em>occuretiorem</em></strong></span> <span class='ocrx_word' id='word_1_913' title='bbox 696 4894 835 4958; x_wconf 88' lang='lat' dir='ltr'><strong><em>eiusdem</em></strong></span> <span class='ocrx_word' id='word_1_914' title='bbox 854 4894 985 4977; x_wconf 80' lang='lat' dir='ltr'><strong><em>exempti</em></strong></span> <span class='ocrx_word' id='word_1_915' title='bbox 1007 4895 1242 4975; x_wconf 76' lang='lat' dir='ltr'><strong><em>descriptionem</em></strong></span> <span class='ocrx_word' id='word_1_916' title='bbox 1260 4896 1421 4977; x_wconf 85' lang='lat' dir='ltr'><strong><em>proposuit</em></strong></span> <span class='ocrx_word' id='word_1_917' title='bbox 1437 4896 1467 4956; x_wconf 93' lang='lat' dir='ltr'><strong><em>iu</em></strong></span> <span class='ocrx_word' id='word_1_918' title='bbox 1489 4895 1583 4957; x_wconf 76' lang='lat' dir='ltr'><strong><em>iihroz</em></strong></span> 
     </span>
    </p>
   </div>
   <div class='ocr_carea' id='block_1_11' title="bbox 293 5164 2208 5320">
    <p class='ocr_par' dir='ltr' id='par_1_11' title="bbox 293 5164 2208 5320">
     <span class='ocr_line' id='line_1_59' title="bbox 293 5164 2208 5320; baseline 0 -85"><span class='ocrx_word' id='word_1_919' title='bbox 293 5183 321 5249; x_wconf 81' lang='lat'><strong><em>⁸)</em></strong></span> <span class='ocrx_word' id='word_1_920' title='bbox 339 5183 602 5320; x_wconf 42' lang='lat' dir='ltr'><strong><em>&amp;dhffiuswsllrlilrlge</em></strong></span> <span class='ocrx_word' id='word_1_921' title='bbox 613 5185 772 5318; x_wconf 51' lang='lat' dir='ltr'><strong><em>diemque</em></strong></span> <span class='ocrx_word' id='word_1_922' title='bbox 789 5184 857 5238; x_wconf 84' lang='lat' dir='ltr'><strong><em>coni</em></strong></span> <span class='ocrx_word' id='word_1_923' title='bbox 874 5180 983 5251; x_wconf 70' lang='lat' dir='ltr'><strong><em>sigen.</em></strong></span> <span class='ocrx_word' id='word_1_924' title='bbox 1002 5183 1096 5238; x_wconf 79' lang='lat' dir='ltr'><strong><em>literis.</em></strong></span> <span class='ocrx_word' id='word_1_925' title='bbox 1115 5182 1236 5255; x_wconf 61' lang='lat' dir='ltr'><strong><em>sepeige</em></strong></span> <span class='ocrx_word' id='word_1_926' title='bbox 1255 5186 1331 5238; x_wconf 80' lang='lat'>1801.</span> <span class='ocrx_word' id='word_1_927' title='bbox 1351 5187 1392 5241; x_wconf 75' lang='grc' dir='ltr'><strong>ιιι.</strong></span> <span class='ocrx_word' id='word_1_928' title='bbox 1409 5183 1451 5237; x_wconf 83' lang='lat' dir='ltr'><strong><em>bii.</em></strong></span> <span class='ocrx_word' id='word_1_929' title='bbox 1470 5196 1529 5249; x_wconf 85' lang='lat' dir='ltr'><strong><em>pag.</em></strong></span> <span class='ocrx_word' id='word_1_930' title='bbox 1548 5184 1600 5236; x_wconf 79' lang='lat' dir='ltr'><strong><em>tie</em></strong></span> <span class='ocrx_word' id='word_1_931' title='bbox 1620 5197 1675 5252; x_wconf 79' lang='lat' dir='ltr'><strong><em>sqq.</em></strong></span> <span class='ocrx_word' id='word_1_932' title='bbox 1699 5190 1726 5240; x_wconf 93' lang='grc' dir='ltr'><strong><em>ει</em></strong></span> <span class='ocrx_word' id='word_1_933' title='bbox 1747 5164 1851 5242; x_wconf 83' lang='lat' dir='ltr'><strong><em>Willll</em></strong></span> <span class='ocrx_word' id='word_1_934' title='bbox 1876 5184 2022 5256; x_wconf 76' lang='lat' dir='ltr'><strong><em>itimierg.</em></strong></span> <span class='ocrx_word' id='word_1_935' title='bbox 2046 5183 2208 5252; x_wconf 59' lang='lat' dir='ltr'><strong><em>detritione</em></strong></span> 
     </span>
    </p>
   </div>
   <div class='ocr_carea' id='block_1_12' title="bbox 0 0 2395 6194">
    <p class='ocr_par' dir='ltr' id='par_1_12' title="bbox 0 0 2395 6194">
     <span class='ocr_line' id='line_1_60' title="bbox 0 0 2395 6194; baseline 0 0"><span class='ocrx_word' id='word_1_936' title='bbox 0 0 2395 6194; x_wconf 95' lang='lat' dir='ltr'><strong><em> </em></strong></span> 
     </span>
    </p>
   </div>
  </div>
 </body>
</html>
