4756 6194
170 375 237 445 503
620 371 733 440 Plllh.
756 370 861 439 MEL.
882 368 1070 438 SCRIPTA
1089 366 1362 436 DOGhlll'l'lCA
1382 366 1441 435 ΕΤ
1463 365 1737 437 SthliOLlCA.
2144 362 2212 429 504

174 566 279 633 verbo
300 560 383 641 Dei,
412 563 466 627 Ac
487 581 551 627 nos
573 559 696 626 clarius
719 559 875 636 dicimus,
897 559 986 624 sicut
1006 572 1153 623 terrores
1176 588 1182 667 Ι
1206 556 1395 622 obedientia
1417 576 1498 643 erga
1518 555 1629 642 legem
1651 557 1783 634 dicunt,
1811 554 1888 620 Non
1911 556 2029 620 dieunt
2052 557 2102 620 de
2126 556 2211 619 obe·

172 650 302 737 peceati
325 660 358 713 et
379 649 508 729 mortis,
530 669 596 712 non
620 658 697 710 sunt
718 658 843 710 tantum
866 645 1084 729 cogitationes
1106 644 1154 707 in·
1207 645 1329 709 dientia
1361 663 1442 728 erga
1476 640 1710 728 Euangelium,
1749 640 1832 705 Com
1873 653 1983 706 tamen
2024 640 2102 728 legi
2139 661 2210 705 non

173 734 341 811 tellectus,
367 735 430 799 sed
453 736 551 799 etiem
573 730 751 798 horribiles
772 743 882 795 motos
903 728 1085 795 volontatis
1106 726 1154 797 l'u·
1205 731 1374 815 possimus
1397 729 1547 805 obedire,
1568 730 1632 794 nisi
1655 727 1761 792 renati
1782 748 1842 811 per
1858 726 2103 814 Euangelium,
2131 748 2210 791 eum

51 822 64 842 '
174 822 294 907 gientis
317 820 471 885 iudicium
490 818 572 896 Dei,
603 820 651 883 lta
671 816 754 881 fides
784 827 927 881 estnon
949 827 1075 881 tantum
1096 835 1155 879 no·
1206 834 1275 880 non
1305 817 1474 899 possimus
1505 813 1642 900 diligere
1663 812 1791 890 Deum,
1824 816 1889 878 nisi
1914 826 2063 899 accepta
2086 815 2210 878 remis·

173 909 251 972 ticia
275 907 309 970 in
338 903 523 983 intellecto,
552 904 738 968 sedetiam
766 901 889 967 fiducia
916 903 950 965 in
972 901 1156 978 voluntate,
1209 903 1305 967 sione
1327 912 1552 986 peecatorum.
1597 898 1718 965 Donec
1739 900 1824 964 enim
1844 902 2007 965 sentimus
2041 919 2209 964 eum-no·

72 1046 79 1053 .
174 993 240 1058 hoe
274 1003 344 1070 est,
377 1003 430 1055 est
456 988 560 1070 velle,
589 1002 621 1054 et
649 990 804 1072 accipere
825 987 892 1051 hoc
915 991 1004 1072 quod
1024 991 1058 1052 in
1080 1006 1156 1070 pro·
1209 989 1261 1052 bis
1289 989 1407 1064 irasci,
1442 999 1559 1052 natura
1586 984 1729 1051 humana
1757 982 1842 1071 fugit
1866 987 1950 1050 iram
1980 999 2014 1050 et
2039 987 2208 1051 iudicium

174 1078 335 1144 missione
357 1076 506 1154 offertur,
530 1074 697 1154 videlicet,
719 1072 1033 1155 reconciliationem,
1051 1086 1084 1138 et
1106 1092 1158 1135 re·
1209 1075 1291 1140 eius,
1329 1074 1441 1158 Siquis
1463 1073 1530 1137 hoc
1551 1074 1650 1138 etiam
1672 1069 1858 1147 cauilletur,
1878 1071 1915 1135 Si
1932 1069 2016 1136 fides
2038 1083 2098 1137 est
2117 1090 2209 1157 quae

174 1163 366 1230 missionem
390 1174 617 1247 peccatorum,
639 1162 698 1226 Sic
715 1162 816 1224 vtitor
832 1160 965 1223 nomine
982 1159 1058 1224 fidei
1077 1158 1158 1222 scri·
1208 1157 1280 1225 vult
1300 1156 1376 1234 illa,
1403 1178 1490 1243 quae
1512 1158 1544 1221 in
1567 1158 1790 1242 promissione
1811 1154 2011 1235 offeruntur,
2042 1158 2209 1223 videntur

175 1262 291 1334 ptura,
324 1259 359 1313 vt
386 1258 527 1312 testetur
554 1248 639 1312 haec
666 1248 830 1310 sententia
853 1242 966 1324 Pauli,
988 1242 1159 1310 lustificatl
1211 1243 1369 1311 confundi
1401 1242 1554 1322 habitus,
1588 1242 1691 1321 fidae,
1725 1253 1759 1307 et
1784 1262 1883 1327 spos,
1917 1245 1992 1390 quia
2026 1262 2118 1329 spes
2156 1256 2208 1308 est

176 1354 218 1399 ex
251 1332 317 1397 fide
348 1353 466 1417 pacem
493 1332 656 1397 habemus
690 1351 771 1416 erga
804 1329 925 1395 Deum.
974 1328 1159 1394 lustilicare
1210 1351 1297 1417 quae
1326 1340 1481 1413 expectat
1506 1348 1562 1394 res
1590 1329 1788 1414 promissas.
1839 1328 1895 1392 Ad
1948 1332 2208 1414 oei-esponde-

175 1439 258 1485 vero
288 1418 353 1483 hoe
381 1415 477 1496 loco,
505 1418 632 1483 sorensi
655 1418 896 1481 consuetudine
918 1415 1086 1503 significat
1106 1435 1158 1478 re·
1210 1437 1296 1495 mue,
1318 1417 1389 1480 llos
1413 1414 1553 1480 effectus
1575 1435 1644 1479 non
1672 1414 1719 1479 ita
1741 1412 1854 1479 diuelli
1877 1433 1978 1496 posse
2000 1416 2143 1498 reipsa,
2173 1427 2208 1480 vt

175 1526 230 1572 um
253 1502 449 1581 absoluere,
472 1514 505 1568 et
528 1504 752 1589 pronunciare
773 1504 912 1580 iustum,
934 1503 1003 1568 Sed
1023 1511 1160 1586 propter
1210 1504 1244 1566 in
1266 1499 1394 1567 scholis
1422 1500 1611 1566 distrahunt
1640 1502 1766 1564 ociosis
1796 1501 2070 1585 cogitationibus.
2118 1502 2207 1566 Nam

175 1589 316 1657 alienam
349 1590 533 1666 iusticiam,
567 1587 722 1653 videlieet
755 1586 899 1665 Christi,
932 1608 1019 1673 quae
1052 1585 1161 1651 aliena
1211 1591 1309 1654 etad
1331 1588 1463 1653 Ebreos
1487 1586 1641 1651 delinitur
1663 1585 1746 1650 fides
1776 1606 1854 1649 esse
1876 1590 2069 1669 expectatio
2094 1608 2208 1652 rerum

175 1677 307 1743 iusticia
341 1677 605 1741 communicatur
642 1674 742 1738 nobis
773 1694 833 1757 per
873 1674 984 1738 iidem.
1046 1672 1161 1756 ltaque
1211 1676 1462 1758 sperandarum.
1507 1670 1621 1757 Siquis
1642 1683 1753 1737 tamen
1771 1669 1864 1736 volet
1881 1672 2036 1748 discerni,
2062 1673 2206 1738 dicimus

177 1783 252 1827 cum
277 1761 342 1826 hoc
369 1759 446 1824 loeo
469 1762 602 1825 iusticia
626 1770 742 1824 nostra
764 1761 807 1824 sit
828 1759 1009 1843 imputecio
1032 1756 1161 1822 alienae
1211 1762 1285 1843 spei
1307 1759 1474 1824 obiectum
1499 1758 1635 1842 proprie
1663 1777 1742 1822 esse
1765 1769 1919 1823 euentum
1941 1754 2105 1825 hrturum.
2155 1760 2206 1823 Fi·

175 1847 340 1917 iustieiae,
363 1844 460 1909 aliter
476 1845 533 1910 hic
551 1848 592 1911 de
611 1845 741 1910 iusticia
759 1842 958 1930 loquendum
978 1856 1040 1923 est,
1064 1862 1162 1928 quam
1213 1846 1287 1909 dem
1309 1857 1419 1910 autem
1441 1844 1608 1908 derebus
1630 1840 1767 1921 futuris,
1797 1853 1831 1907 et
1851 1845 2093 1927 praesentibus
2117 1865 2208 1923 esse,

176 1954 252 1997 eum
280 1934 313 1995 in
348 1928 580 2016 Philosophia,
610 1943 667 1996 aut
695 1932 729 1994 in
757 1930 832 1995 soro
857 1933 1047 2015 quaerimus
1070 1928 1162 1993 iusti·
1214 1943 1246 1994 et
1268 1931 1422 2015 accipere
1443 1930 1477 1992 in
1500 1930 1690 2013 praesentia
1718 1931 1949 1994 remissionem
1970 1942 2207 2012 peccatorum,

177 2020 261 2081 ciam
318 2037 356 2082 ro
382 2017 420 2103 rij
454 2019 582 2102 operis,
610 2036 696 2101 quae
725 2028 817 2080 certe
847 2027 897 2079 est
923 2017 957 2080 in
980 2013 1162 2080 voluntate.
1214 2013 1392 2081 exhibitam
1424 2016 1458 2079 in
1486 2016 1720 2100 promissione.
1764 2014 1817 2079 Ex
1838 2015 1891 2079 his
1914 2035 2097 2099 speramus
2120 2020 2207 2083 satis

176 2102 255 2167 ldeo
287 2038 411 2168 gaulus
440 2104 547 2188 inquit
577 2103 619 2167 .l.
647 2100 797 2166 Corinth.
824 2103 853 2164 l.
908 2101 960 2165 Ex
993 2104 1068 2186 ipso
1099 2117 1162 2163 vos
1212 2099 1351 2188 intelligi
1374 2120 1489 2186 posse,
1511 2101 1645 2185 etquid
1667 2101 1710 2164 sit
1738 2099 1842 2178 fides,
1870 2110 1903 2164 et
1925 2103 2013 2185 quod
2036 2122 2207 2188 cogamur

175 2190 261 2254 estis
283 2190 316 2252 in
342 2188 476 2253 Christo
500 2190 594 2265 lesu,
623 2188 678 2273 qui
700 2184 812 2252 faetus
835 2199 889 2250 est
910 2189 1009 2253 nobis
1032 2187 1161 2269 sapien·
1214 2190 1358 2264 sentire,
1387 2187 1478 2272 quod
1510 2187 1576 2250 lide
1608 2185 1845 2264 iustificemur,
1878 2185 2142 2254 reconciliemur
2176 2202 2208 2253 et

174 2275 221 2339 tia
242 2296 263 2339 a
298 2272 392 2353 Deo,
420 2274 571 2353 iusticia,
594 2284 626 2338 et
648 2271 888 2351 sanctificatio,
911 2284 944 2337 et
965 2271 1162 2356 redemptio.
1213 2292 1460 2359 regeneremur.
1511 2272 1681 2358 Siquidem
1706 2272 1870 2337 iusticiam
1902 2270 2105 2359 Euangelij‚
2137 2295 2208 2342 non

173 2360 217 2425 Et
236 2360 279 2446 ij.
313 2358 464 2424 Corinth.
483 2380 516 2425 v.
566 2359 649 2424 Eum
679 2360 735 2444 qui
765 2377 831 2422 non
860 2360 954 2423 nouit
975 2369 1163 2442 peccatum,
1212 2358 1376 2424 iusticiam
1409 2357 1497 2443 legis
1525 2360 1649 2423 docere.
1676 2355 1850 2436 volumus,
1879 2357 1963 2421 Nam
1987 2361 2044 2444 qui
2071 2363 2208 2439 docent,

175 2467 237 2531 pro
260 2445 360 2508 nobis
382 2444 462 2511 feeit
482 2456 675 2530 peceatum,
698 2453 734 2507 vt
754 2462 819 2506 nos
842 2440 1053 2509 eslieeremur
1073 2441 1163 2506 iusti·
1213 2445 1302 2530 quod
1335 2442 1515 2508 dilectione
1555 2442 1789 2521 iustificemur,
1828 2441 1914 2529 legis
1945 2445 2114 2511 iusticiam
2149 2448 2208 2510 do·

177 2533 230 2596 eia
252 2529 317 2593 Dei
345 2530 493 2614 inipso,
523 2530 591 2594 Sed
613 2532 690 2614 quia
716 2529 849 2593 iusticia
872 2527 998 2595 Christi
1022 2528 1164 2593 donatur
1214 2542 1309 2605 cent,
1340 2549 1404 2594 neo
1430 2530 1478 2594 vti
1505 2530 1628 2593 docent
1657 2526 1791 2593 Christo
1820 2530 2004 2595 mediatore
2031 2531 2066 2595 in
2092 2530 2208 2597 iustiti·

177 2616 276 2680 nobis
307 2635 368 2698 per
389 2615 508 2691 fidem,
541 2617 618 2679 ideo
646 2613 732 2678 fides
762 2625 814 2678 est
840 2616 974 2680 iusticia
995 2616 1028 2678 in
1050 2613 1163 2689 nobis,
1214 2616 1357 2680 catione.
1409 2612 1450 2678 Et
1478 2612 1564 2679 haec
1592 2611 1768 2679 manifesta
1790 2626 1887 2694 sont,
1917 2618 2006 2698 quod
2029 2637 2103 2680 non
2127 2615 2208 2681 dile·

177 2702 386 2784 imputatiue,
420 2702 454 2765 id
487 2712 558 2780 est,
592 2711 646 2764 est
678 2700 712 2764 id
744 2720 811 2787 quo
839 2696 1005 2766 efficimur
1032 2698 1163 2781 accepti
1186 2693 1191 2721 ¹
1214 2700 1335 2778 ctione,
1358 2702 1417 2764 sed
1443 2699 1511 2764 lide
1533 2702 1706 2766 vincamus
1729 2713 1878 2766 terrores
1897 2704 2041 2784 peceati,
2068 2713 2106 2777 et
2121 2723 2206 2767 mor·

174 2784 270 2863 Deo,
303 2804 365 2868 pro
390 2796 442 2850 ter
471 2784 728 2868 imputacionem
760 2797 793 2850 et
822 2787 1062 2851 ordinationem
1084 2781 1163 2860 Dei,
1213 2786 1277 2862 tis,
1312 2787 1402 2870 quod
1430 2805 1498 2850 non
1526 2789 1696 2870 possimus
1731 2797 1880 2851 nostram
1915 2784 2147 2868 dilectionem,
2174 2800 2209 2853 et

176 2871 263 2937 sieut
296 2805 421 2936 Paulus
454 2870 510 2936 ait.
566 2869 666 2935 Fides
699 2871 876 2955 imputetur
909 2872 952 2937 ad
984 2871 1161 2945 iusticiam.
1211 2868 1441 2955 implecionem
1470 2868 1556 2956 legis
1583 2890 1753 2956 opponere
1779 2873 1848 2936 irae
1870 2870 1954 2952 Dei,
1976 2875 2054 2957 quia
2077 2872 2208 2939 Paulus

175 2955 219 3020 Et
240 2958 270 3021 si
291 2967 428 3041 propter
445 2974 603 3022 morosos
622 2958 784 3042 quosdam
795 2963 1006 3039 τεχνολογικῶς
1022 2955 1161 3042 loquen·
1213 2957 1311 3034 dicit,
1343 2976 1405 3041 per
1433 2955 1603 3023 Christum
1633 2955 1794 3023 habemus
1823 2976 2000 3023 accessum
2026 2960 2069 3024 ad
2094 2957 2208 3027 Deum

176 3043 339 3108 domest.
384 3043 487 3108 Fides
509 3053 603 3107 recte
624 3053 677 3109 est
697 3044 846 3123 iusticia,
876 3044 952 3128 quia
975 3056 1028 3109 est
1048 3042 1162 3108 obedi·
1212 3062 1272 3128 per
1294 3042 1401 3107 fidem.
1435 3043 1531 3107 Hanc
1554 3045 1757 3109 sentenciam
1779 3045 1879 3110 toties
1901 3041 2111 3112 inculcamus
2129 3068 2208 3131 pro·

175 3128 265 3192 entia
287 3148 369 3212 erga
391 3126 621 3212 Euangeliom.
667 3127 811 3194 Constat
832 3130 918 3194 enim
941 3130 1161 3195 obedientiam
1211 3138 1286 3213 pter
1317 3128 1599 3212 perspicuitatem.
1649 3128 1765 3195 Totius
1792 3130 1878 3194 enim
1910 3150 2036 3196 causae
2067 3142 2209 3200 nostrae

176 3231 261 3297 erga
282 3212 426 3277 edictum
451 3215 653 3297 superioris,
682 3233 762 3279 vere
785 3232 863 3279 esse
885 3217 1031 3300 speciem
1055 3213 1161 3277 distri·
1212 3224 1336 3279 statum
1363 3211 1548 3279 clarissime
1576 3217 1732 3281 ostendit.
1784 3213 1827 3279 Et
1849 3212 2027 3301 diligenter
2048 3219 2208 3302 inspecta

175 3297 312 3362 butiuae
338 3297 498 3362 iusticiae.
547 3296 591 3361 Et
617 3297 705 3362 haec
733 3301 922 3365 obedientia
949 3320 1032 3385 erga
1053 3297 1162 3362 Euen-
1213 3301 1345 3365 abunde
1366 3300 1408 3365 de
1431 3311 1501 3366 toto
1523 3321 1561 3365 re
1583 3304 1716 3377 docere,
1740 3312 1773 3365 et
1796 3301 1965 3367 consolari
1990 3304 2101 3368 bonas
2118 3326 2208 3371 men·

177 3381 313 3470 galium,
334 3384 513 3468 imputatur
535 3404 597 3468 pro
620 3383 751 3448 iusticia
768 3387 865 3463 adeo,
888 3398 925 3451 vt
941 3397 1068 3450 tantum
1085 3403 1162 3467 pro·
1212 3397 1265 3451 tes
1296 3399 1422 3470 potest.
1477 3385 1556 3451 ldeo
1589 3387 1730 3471 prodest
1762 3406 1836 3451 eam
1864 3388 1899 3452 in
1927 3401 2085 3473 promptu
2117 3394 2206 3457 etin

175 3479 252 3554 pter
273 3468 380 3546 huno,
409 3468 488 3555 quia
509 3465 575 3534 hac
605 3469 885 3554 apprehendimus
905 3471 1162 3555 propiciatorem
1214 3483 1398 3556 conspectu
1428 3471 1576 3550 habere,
1608 3492 1676 3536 non
1703 3471 1813 3538 solum
1840 3485 1877 3538 vt
1899 3494 2071 3558 opponere
2094 3480 2207 3562 possi·

177 3552 358 3632 Christum,
379 3551 536 3638 placeant
552 3555 642 3619 bona
660 3574 775 3640 opera,
797 3574 859 3621 seu
876 3559 1065 3623 obedientia
1081 3574 1164 3640 erga
1212 3576 1287 3621 mus
1308 3557 1577 3622 aduersariorum
1597 3559 1781 3637 doetrinae,
1803 3558 1859 3644 qni
1877 3560 2010 3639 docent,
2032 3582 2102 3626 non
2128 3565 2207 3645 lide,

175 3637 296 3725 legem.
341 3640 460 3726 Neque
481 3640 568 3704 enim
588 3638 656 3728 legi
679 3637 925 3722 satisfacimus,
947 3644 1009 3706 sed
1031 3642 1064 3705 id
1087 3660 1163 3726 pro·
1213 3643 1274 3706 sed
1297 3641 1474 3707 dilectione
1496 3655 1529 3707 et
1550 3644 1676 3710 meritis
1697 3647 1771 3710 sine
1793 3645 1976 3709 mediatore
1999 3644 2139 3713 Christe
2162 3652 2206 3717 ad

177 3739 256 3809 pter
287 3723 455 3811 Christum
488 3727 699 3791 condonatur
731 3728 848 3804 nobis,
880 3740 916 3793 vt
948 3725 1073 3792 Paulus
1105 3727 1161 3791 ait.
1212 3726 1323 3794 Deum
1352 3729 1535 3806 accedere,
1565 3730 1634 3796 Sed
1657 3733 1755 3796 etiarn
1785 3742 1821 3794 vt
1849 3752 1911 3815 per
1933 3750 2007 3796 earn
2031 3735 2204 3817 erigamus

180 3808 280 3875 Nulla
307 3831 397 3875 nunc
425 3811 592 3876 damnatio
622 3822 674 3876 est
703 3812 756 3877 his
785 3814 840 3898 qui
871 3814 905 3879 in
927 3810 1164 3878 Christo'lesu
1212 3833 1278 3877 nos
1300 3814 1334 3876 in
1356 3815 1539 3897 pecoribus
1561 3827 1596 3880 et
1617 3816 1716 3882 fidem
1734 3836 1961 3893 exerceamus,
1984 3815 2203 3887 Manifestum

177 3908 242 3962 etc.
286 3898 380 3961 llaec
401 3895 486 3961 fides
513 3897 621 3961 reddit
642 3896 718 3964 Deo
747 3895 928 3978 honorem,
958 3900 1067 3964 reddit
1083 3897 1163 3963 Deo
1213 3909 1267 3962 est
1299 3910 1332 3965 et
1370 3900 1435 3964 hoo
1469 3902 1558 4003 quod
1597 3902 1671 3967 sine
1702 3899 1829 3967 auxilio
1862 3901 1988 3967 Christi
2023 3926 2093 3970 non
2124 3928 2204 3991 pos·

177 3983 269 4068 quod
294 4000 393 4045 suum
420 3994 492 4062 est,
525 4002 586 4068 per
612 3982 698 4061 hoe,
731 3985 821 4070 quod
851 3986 962 4050 obedit
989 3985 1161 4070 accipiens
1184 3941 1191 4061 Ι
1213 3985 1319 4050 simus
1339 3981 1448 4070 legem
1470 3989 1484 4050 l
1508 4006 1603 4065 cere,
1626 3989 1714 4054 siout
1737 3991 1812 4072 ipse
1834 3988 1950 4073 inquit,
1972 3989 2054 4054 Sine
2074 4012 2132 4058 me
2154 3995 2204 4057 ni·

176 4068 429 4150 promissiones,
451 4068 546 4134 Sicut
567 4066 737 4134 etPaulus
758 4070 863 4154 inquit
880 4069 999 4134 Roma.
1017 4070 1074 4156 iiij.
1107 4067 1163 4133 De
1213 4067 1261 4135 hil
1282 4073 1424 4157 potestis
1446 4069 1501 4139 lac
1540 4093 1570 4150 e,
1593 4073 1671 4138 ldeo
1694 4077 1886 4159 priusquam
1910 4074 2019 4160 legem
2041 4073 2202 4159 facimus,

176 4153 400 4238 promissione
428 4151 495 4218 Dei
536 4174 607 4218 non
648 4155 808 4219 dubitauit
842 4176 903 4239 per
936 4153 1162 4229 diffidentiam,
1214 4167 1347 4241 oportet
1368 4156 1472 4221 corda
1494 4156 1726 4224 liderenasoi.

175 4239 236 4303 sed
257 4238 373 4303 firmus
400 4236 463 4303 snit
489 4236 556 4304 fide
586 4240 669 4304 dans
698 4237 840 4328 gloriam
862 4240 955 4321 Deo,
1050 4239 1162 4307 cultus
1301 4239 1388 4307 Hinc
1410 4243 1507 4307 etiam
1529 4241 1669 4330 intelligi
1692 4255 1822 4330 potest,
1844 4265 1950 4329 quare
1972 4247 2201 4329 reprehenda-

176 4335 212 4389 et
245 4329 369 4411 λατρεία
400 4321 578 4412 Euangelij
616 4340 670 4391 est
709 4329 865 4411 accipere
898 4329 966 4392 bon
1020 4349 1041 4391 a
1074 4324 1162 4403 Deo,
1214 4345 1287 4392 mus
1311 4328 1582 4394 aduersariorum
1604 4332 1790 4396 doctrinam
1812 4333 1854 4396 de
1881 4333 1997 4396 merito
2027 4335 2200 4421 condigni

174 4409 321 4476 Econtre
353 4408 464 4476 cultos
493 4409 524 4474 le
550 4412 578 4475 is
609 4425 662 4475 est
690 4413 780 4477 bona
803 4424 920 4479 nostre
941 4409 1018 4477 Deo
1041 4411 1162 4477 offerre
1213 4409 1388 4478 Facillime
1409 4413 1602 4500 dijudicatio
1625 4430 1695 4496 est,
1718 4417 1796 4502 quia
1816 4437 1884 4481 non
1906 4413 2033 4482 faciunt
2056 4424 2200 4487 mentio·

176 4509 211 4563 et
239 4496 410 4561 exhibere.
458 4433 550 4560 nihl
581 4507 690 4562 autem
717 4516 897 4581 pessumus
925 4496 1001 4563 Deo
1029 4496 1163 4575 ollerre,
1213 4516 1288 4562 nem
1310 4496 1406 4577 fidei,
1433 4502 1523 4585 quod
1547 4501 1614 4567 fide
1635 4523 1698 4588 pro
1722 4516 1773 4567 ter
1795 4500 1964 4567 Christum
1986 4501 2199 4589 placeamus,

174 4583 240 4647 nisi
263 4592 361 4645 antea
383 4582 605 4661 reconciliati,
632 4594 666 4647 et
688 4584 803 4648 renati.
848 4582 1031 4649 Plurimum
1052 4593 1163 4647 autem
1213 4584 1277 4649 sed
1298 4584 1429 4671 lingunt
1452 4589 1539 4651 bona
1562 4608 1666 4673 opera
1687 4524 1778 4653 {leta
1800 4589 1979 4655 adiuuante
1999 4588 2058 4654 ille
2079 4591 2200 4660 habitu

178 4663 420 4732 consolationis
444 4667 541 4734 affert
561 4669 617 4733 hic
634 4665 746 4745 locus,
768 4671 858 4756 quod
876 4668 987 4736 cultus
1005 4670 1040 4733 in
1051 4666 1162 4732 Euan·
1214 4666 1414 4750 dilectionis,
1436 4672 1599 4739 iusticiam
1622 4693 1700 4740 esse
1723 4675 1856 4761 dignam
1878 4693 1965 4759 quae
1986 4697 2047 4758 per
2067 4686 2110 4743 se
2124 4676 2199 4762 ple·

177 4750 268 4839 gelio
300 4753 501 4837 praecipuus
531 4765 627 4820 este
655 4752 730 4819 Deo
759 4755 850 4820 velle
870 4757 1025 4839 accipere
1037 4755 1163 4827 remis·
1214 4768 1288 4822 eeat
1298 4753 1386 4837 Deo,
1408 4769 1442 4823 et
1452 4760 1586 4845 dignam
1609 4772 1745 4826 aeterna
1767 4762 1848 4839 vita,
1871 4780 1934 4826 nec
1956 4782 2043 4845 opus
2066 4760 2198 4831 habere

176 4839 305 4903 sionem
326 4849 553 4922 peecatorum,
574 4842 726 4928 gratiam,
749 4853 783 4906 et
803 4842 979 4906 iusticiam.
1023 4839 1077 4905 De
1094 4840 1162 4905 hoe
1212 4842 1396 4908 mediatore
1408 4843 1553 4911 Christo.
1587 4844 1675 4919 outo
1688 4845 1817 4913 esthoc
1840 4843 1943 4925 eliud,
1966 4868 2066 4933 quem
2085 4862 2197 4915 uana

177 4920 273 4990 cuttu
303 4925 350 4989 att
382 4921 540 5015 Christus
567 4926 682 4993 lohan.
707 4928 751 4994 vi.
808 4927 901 4994 llaec
932 4939 985 4992 cst
1007 4924 1161 4992 voluntas
1213 4926 1303 4993 terre
1324 4926 1465 5015 gloriam
1487 4928 1612 4997 Christi
1633 4933 1667 4996 in
1696 4953 1801 5019 opera
1827 4944 1961 5012 nostra,
1988 4936 2080 5018 quod
2101 4937 2196 5002 vide·

175 5008 281 5095 patris
302 5010 379 5088 mei,
401 5011 458 5096 qui
479 5012 568 5078 misit
584 5034 650 5093 me,
673 5024 710 5079 vt
732 5015 839 5079 omnis
861 5013 918 5100 qui
939 5013 1030 5079 videt
1047 5009 1162 5090 lilium,
1211 5013 1292 5078 licet
1313 5028 1450 5099 propter
1471 5036 1576 5103 opera
1595 5029 1715 5085 nostra
1734 5017 1940 5104 placeamus,
1963 5038 2031 5085 non
2052 5035 2196 5106 propter

177 5104 212 5159 et
232 5096 341 5160 credit
359 5097 393 5161 in
416 5110 511 5175 eum,
539 5098 665 5163 habeat
689 5100 791 5163 vitam
818 5111 999 5165 aeternam.
1043 5096 1085 5163 Et
1104 5118 1162 5182 pa-
1214 5098 1394 5167 Christum.
1443 5103 1490 5167 At
1516 5104 1584 5169 hee
1610 5124 1745 5192 queque
1773 5117 1827 5170 est
1854 5104 2033 5170 detrahere
2054 5106 2194 5174 Christe

176 5190 232 5245 ter
249 5182 368 5267 lnquit,
390 5182 456 5249 llic
476 5192 533 5247 est
552 5179 642 5246 lilius
662 5201 758 5248 meus
779 5181 922 5250 dilectus
942 5189 977 5250 in
999 5202 1067 5269 quo
1083 5182 1162 5249 mihi
1213 5183 1355 5273 gloriam
1375 5188 1578 5270 mediatoris,
1599 5191 1655 5276 qul
1667 5204 1840 5277 perpetue
1856 5193 2100 5272 estmediator,
2121 5212 2194 5259 non

177 5264 414 5352 mmmm

453 5278 526 5349 est,
564 5264 663 5336 lime
700 5271 822 5339 audite
883 5268 1080 5355 Aduersarij
1119 5269 1162 5334 de
1211 5284 1340 5339 tantum
1365 5274 1400 5338 ln
1426 5276 1588 5362 principio
1614 5277 1877 5354 laudationis,
1910 5275 1954 5341 Et
1979 5276 2106 5346 Paulus
2132 5282 2183 5347 alt

407 5386 440 5429 ..l-
