4786 6210
139 390 206 457 bid
491 391 531 460 ll.
575 332 808 461 Apbnocle
828 395 1147 507 comestum
1167 394 1488 466 AUGUSTANAD.
1528 396 1571 466 D.
1613 398 1807 469 snm
1934 418 1939 427 ·
2085 395 2155 465 tm

134 578 689 753 {lini‘iiidiidg‘iiifliih
706 581 1115 752 hitltth'htlh
1165 582 1680 747 lhtiuittttht?
1689 588 2151 758 ..triticum

132 764 436 903 dindimi}
463 751 946 926 ittsihrhhfflihit
963 759 1114 908 “itti
1164 753 1427 928 {iiiiii
1440 754 2151 928 rt‘0..l:⁰tif...it⁸¹¹.tt;h⁰‘t⁰¹lt

359 884 369 917 ‚
949 888 957 906 ,
1101 877 1115 892 .
2134 875 2152 893 .

132 919 208 989 bilis
242 924 348 988 oratio
376 936 446 1004 est,
480 925 672 989 tantundem
701 926 847 991 tribuere
877 927 972 1012 operi
999 947 1114 993 sacer·
1163 929 1273 1013 guinis
1305 926 1458 1010 Domini,
1490 928 1560 995 Sed
1592 930 1635 995 de
1663 927 1801 1014 reliquis
1828 926 1954 992 Missae
1986 928 2151 1010 partibus,

132 1009 240 1087 dotis,
274 1021 433 1094 quantum
466 1011 563 1075 morti
592 1008 727 1076 Christi.
776 1009 909 1078 Deinde
1004 1026 1114 1078 catum
1164 1012 1321 1080 videlieet
1343 1015 1549 1081 orationibus
1571 1027 1605 1080 et
1627 1015 1805 1102 gratiarum
1826 1013 2022 1080 actionibus.
2061 1012 2148 1081 Nam

132 1106 167 1159 et
193 1114 285 1158 murs
311 1115 378 1160 non
406 1109 550 1179 possunt
577 1096 665 1163 vinci
691 1098 755 1161 nisi
783 1097 850 1163 lide
872 1101 905 1163 iu
964 1100 1114 1179 hristum,
1163 1110 1241 1184 post
1263 1101 1548 1166 consecrationem
1568 1111 1760 1186 precantur,
1783 1111 1819 1165 vt
1840 1099 2048 1166 sumentibus
2071 1120 2148 1183 pru·

133 1181 221 1244 siout
240 1176 367 1245 Paulus
389 1181 506 1259 docet,
528 1180 698 1248 tusuflcati
721 1203 764 1247 ex
784 1182 852 1248 lide
873 1205 990 1268 pacem
1012 1184 1115 1250 babe-
1163 1187 1223 1264 sit,
1257 1205 1324 1251 non
1355 1183 1537 1270 loquuntur
1564 1187 1606 1252 de
1639 1184 1727 1270 alijs.
1782 1182 1914 1250 Deinde
1950 1185 2075 1251 addunt
2103 1186 2149 1248 iu

131 1285 218 1343 mus,
242 1285 344 1350 quare
365 1288 432 1331 non
453 1279 566 1354 potest
588 1269 676 1333 vinci
697 1288 807 1352 poena
828 1270 1034 1356 purgotarij,
1055 1292 1114 1355 ap·
1164 1269 1371 1357 προςφέρομέν
1406 1293 1456 1336 σοι
1483 1268 1535 1351 κήν
1572 1269 1771 1354 λογαήν88·)
1803 1270 1911 1349 ταύταν
1937 1272 2148 1351 λαιρρίανθθ)

130 1349 310 1436 plicatione
332 1349 430 1417 alieni
452 1354 575 1437 operis
1165 1355 1243 1442 airrip
1272 1358 1332 1421 roda
1359 1363 1391 1421 ἐν
1416 1365 1518 1421 πίστει
1539 1355 1797 1463 ἀναπαυσαμένων
1816 1355 2036 1441 προπατόρων,
2059 1363 2148 1421 κατέ·

218 1437 414 1504 omittemus
435 1438 500 1503 iam
522 1437 632 1524 qualia
649 1437 794 1504 babeant
815 1439 1001 1523 aduersarii
1024 1443 1114 1507 testi-
1137 1454 1141 1520 t
1164 1465 1240 1523 por,
1262 1444 1467 1528 ααιριαρχῶν,
1487 1444 1663 1530 eapropter,
1684 1435 1861 1506 ααοστόλων
1883 1452 1947 1505 etc.
1980 1443 2026 1507 At
2047 1438 2149 1524 larana)
2201 1494 2204 1499 .

130 1523 243 1587 monia
278 1522 320 1588 de
357 1526 568 1628 pupgatorio,
608 1522 726 1610 quales
766 1525 953 1593 existiment
985 1548 1113 1631 poenas
1162 1535 1285 1612 λατρεία
1304 1547 1374 1633 non
1395 1527 1562 1634 siguificat
1582 1531 1689 1613 ipsam
1710 1526 1866 1604 hostiam,
1889 1526 1959 1591 Sed
1976 1528 2148 1594 orationes

129 1608 864 1782 ti.tttt⁸h”tnhit.h⁰ht.hhs
886 1612 1113 1763 “sitinii
1134 1691 1140 1704 ·
1162 1625 1347 1784 httih
1364 1616 1741 1783 iliidbiegiiiiiii.
1757 1609 2149 1783 philisthii

130 1798 219 1844 esse.
264 1776 350 1844 lllnd
382 1792 510 1846 tantum
537 1802 760 1867 opponemus,
793 1781 930 1849 Certum
958 1796 1011 1848 est
1033 1804 1110 1850 coe·
1162 1795 1296 1850 veteres
1318 1783 1410 1870 loqui
1439 1786 1656 1851 decretione
1683 1805 1745 1869 pro
1767 1783 1927 1859 mortuis,
1958 1803 2056 1867 quem
2079 1800 2147 1848 nos

129 1885 204 1929 nam
232 1863 366 1930 Domini
392 1867 575 1934 institutam
603 1887 682 1933 esse
714 1880 852 1955 propter
882 1870 1111 1935 remissionem
1162 1891 1230 1936 non
1252 1870 1478 1955 prohibemus,
1500 1872 1561 1936 sed
1581 1868 1837 1955 applicationem
1861 1887 1987 1933 coenae
2009 1866 2147 1933 Domini

129 1947 258 2035 culpae.
303 1950 417 2016 Offert·
430 1955 518 2018 enim
539 1955 767 2020 remissionem
795 1967 1028 2039 pennatorum,
1055 1956 1112 2020 rbi
1162 1978 1224 2041 pro
1252 1957 1408 2036 mortuis,
1431 1976 1473 2022 ex
1493 1967 1597 2040 opere
1625 1967 1765 2042 operato
1788 1954 2027 2038 improbamus.
2072 1953 2147 2020 Neo

129 2056 273 2102 necesse.
293 2052 346 2101 est
366 2058 447 2103 rere
469 2037 599 2126 culpam
623 2037 821 2127 iutelligere-
853 2038 896 2105 Et
918 2052 1028 2106 tamen
1048 2062 1111 2126 pro
1185 2043 1412 2108 atrocinantur
1432 2043 1640 2125 aduersarijs
1662 2052 1796 2107 veteres
1820 2041 1862 2103 de
1879 2057 1981 2122 opere
1993 2052 2143 2123 operato.

130 2120 228 2209 culpa
248 2142 315 2187 non
339 2120 520 2204 satisfacit,
543 2124 666 2211 alioqui
688 2125 795 2191 blissa
817 2137 910 2190 essct
930 2147 991 2212 per
1012 2126 1111 2191 morti
1162 2063 1205 2193 lt
1228 2139 1263 2192 vt
1283 2128 1423 2194 maxime
1443 2127 1600 2214 Gregorij
1622 2139 1679 2193 aut
1706 2125 1928 2191 recentiorum
1958 2124 2147 2190 testimonia

130 2205 265 2273 Christi.
310 2208 382 2274 Nec
408 2211 561 2277 remissio
590 2208 709 2297 culpae
736 2212 843 2296 accipi
868 2223 980 2295 potest
1002 2209 1111 2292 aliter,
1160 2213 1322 2292 habeant,
1357 2233 1421 2278 nos
1449 2234 1494 2298 op
1518 2213 1647 2278 enimus
1676 2210 1902 2288 clarissimas,
1937 2218 1971 2274 et
2000 2211 2147 2276 certissi-

128 2294 193 2359 nisi
224 2292 300 2399 lide.
350 2293 454 2383 igitur
485 2296 593 2362 Missa
619 2316 688 2362 non
715 2308 777 2403 est·
800 2294 1009 2377 satisfactio,
1042 2298 1111 2364 Sed
1162 2319 1233 2365 mas
1248 2300 1453 2404 scripturas.
1492 2235 1536 2363 lt
1552 2310 1683 2402 patrum
1699 2316 1822 2402 magna
1840 2292 2071 2361 dissimilitudo
2082 2306 2144 2362 est.

65 2441 70 2447 ·
129 2381 1029 2554 ”this.t..⁸.⁰.⁰¹'tt‘¹¹.hl.¹hht¹.⁵.iith.
1052 2384 1111 2535 h?
1161 2387 1320 2556 iiiiii
1345 2397 1441 2536 tit
1462 2379 2146 2536 tulisti‘tlttttitidhh

37 2584 42 2593 ·
128 2488 202 2618 iore
223 2549 330 2630 allici,
358 2553 388 2616 si
409 2555 557 2640 cogitent
578 2555 717 2621 Missam
740 2575 861 2642 magna
887 2573 931 2621 ex
951 2564 1046 2639 parte
1066 2555 1110 2620 ad
1161 2557 1309 2639 praetexi
1337 2552 1514 2621 luculentis
1535 2552 1602 2622 illis
1629 2554 1813 2635 mendacijs
1858 2571 1921 2616 uae
1943 2550 2067 2616 docent
2087 2552 2145 2616 od·

128 2649 280 2707 mortuos
303 2651 336 2703 et
358 2639 401 2702 ad
418 2635 750 2729 satisfactionespro
772 2641 888 2726 poenis
910 2636 1110 2705 translatam
1160 2641 1300 2727 uersarij
1323 2642 1365 2706 dc
1393 2659 1497 2726 opere
1518 2653 1675 2727 operato,
1703 2637 1804 2724 longe
1826 2575 1924 2702 iliter
1951 2655 1990 2700 se
2010 2637 2074 2722 ipsi
2096 2637 2145 2702 in·

129 2743 218 2801 esse,
240 2724 316 2790 lloc
338 2735 402 2801 est,
422 2721 541 2790 tollere
562 2726 640 2811 inge
662 2726 861 2795 sacrificium
884 2746 926 2792 ex
943 2723 1111 2806 Ecclesia,
1160 2736 1430 2811 terpretarentur.

127 2807 194 2875 boc
216 2821 269 2874 cst
286 2808 444 2874 Antiochi
465 2830 617 2896 regnum,
638 2811 694 2897 qui
712 2811 952 2879 saluberrimas
969 2811 1110 2897 promis·
1247 2811 1351 2878 Falso
1385 2814 1484 2877 etiarn
1515 2811 1618 2877 citant
1644 2808 1829 2894 aduersarij
1851 2818 1969 2872 contra
1996 2826 2061 2873 nos
2089 2808 2143 2875 da·

128 2895 242 2960 siones
263 2896 306 2960 de
326 2896 523 2961 remissione
546 2894 680 2981 culpae,
712 2899 755 2963 de
776 2898 854 2976 lide,
875 2894 1043 2963 transtulit
1066 2897 1109 2962 ad
1160 2897 1359 2963 mustionem
1369 2896 1477 2982 Aerij,
1499 2915 1597 2983 quem
1620 2896 1734 2961 dicunt
1754 2905 1930 2979 propterea
1952 2892 2144 2960 damnatum

127 2981 327 3047 vanissimas
358 2981 532 3067 opiniones
561 2982 603 3049 de
624 2982 924 3062 satisfactionibus,
958 2984 1034 3049 lloc
1056 2993 1110 3047 est
1160 3001 1250 3061 esse,
1273 2983 1364 3068 quod
1386 2983 1559 3086 negauerit
1576 2982 1611 3046 in
1632 2979 1740 3046 Missa
1763 2976 1964 3045 oblationem
1986 2976 2060 3043 fieri
2082 2997 2145 3130 plro

126 3062 345 3152 Euangelium
367 3069 612 3148 contaminare,
645 3088 859 3154 corrumpere
876 3089 974 3135 vsum
996 3086 1110 3133 sacra·
1160 3069 1245 3135 vinis
1270 3081 1303 3133 et
1329 3079 1478 3134 morture.
1523 3067 1633 3152 Saepe
1660 3066 1728 3133 hoc
1749 3062 1866 3130 colore
1887 3074 2083 3142 vtuntur,a
2111 3084 2147 3131 e·

127 3163 321 3217 mentorum.
376 3151 418 3217 lli
450 3167 529 3218 sunt
558 3174 644 3238 quos
672 3151 797 3220 Paulus
826 3155 909 3219 dixit
929 3173 1008 3218 reos
1031 3173 1110 3220 esse
1159 3167 1241 3241 gant
1264 3165 1398 3220 veteres
1420 3152 1592 3231 haereses,
1613 3162 1646 3217 et
1667 3172 1742 3218 cum
1763 3151 1816 3217 his
1838 3145 1927 3216 laiso
1951 3159 2148 3235 comparant

127 3237 278 3387 isti
291 3248 335 3387 ..t
354 3240 1029 3392 h'tssihht'iissis‘tlifftih
1051 3241 1109 3390 ’Ὦ
1158 3250 1536 3391 st‘ihttthl
1549 3235 2147 3391 ltuhllttttttfflsshi‘ttttt

127 3419 159 3472 et
181 3407 377 3492 sanguinem
391 3374 522 3475 Dbmini
545 3410 801 3498 adsacrilegum
823 3345 994 3495 Prinassum
1013 3344 1109 3495 prr-Pse-
1158 3348 1304 3495 agappro
1326 3410 1463 3476 mortuis
1486 3410 1554 3474 sint
1574 3406 1719 3475 inutiles.
1758 3405 1795 3472 ld
1819 3368 1917 3492 repre
1942 3407 2044 3471 eadit.
2077 3408 2145 3474 Ne-

125 3505 218 3559 teutu
244 3489 510 3561 satisfactionum
546 3493 770 3562 contulerunt.
818 3433 863 3560 lt
885 3495 984 3561 huius
1006 3496 1109 3562 sacri-
1159 3518 1224 3581 que
1252 3515 1317 3560 nos
1338 3495 1442 3561 herio
1464 3496 1729 3580 patrocinemur,
1755 3492 1818 3557 sed
1839 3492 2014 3558 vobiscum
2035 3491 2145 3579 lidga-

124 3580 200 3666 legij
234 3598 362 3664 poenas
394 3577 573 3667 aliquando
606 3583 751 3660 dabant,
784 3581 897 3657 Quare
924 3581 1108 3647 cauendum
1132 3599 1138 3641 r
1159 3602 1249 3660 mus,
1276 3581 1332 3667 qui
1354 3580 1510 3647 baeremn
1538 3576 1712 3645 manifeste
1762 3587 1942 3663 ugnantem
1964 3599 2039 3643 cum
2061 3576 2144 3644 Pro·

125 3677 179 3731 est
208 3666 305 3731 nobis
332 3677 366 3729 et
388 3667 542 3733 omuibus
571 3666 636 3753 pijs
659 3668 896 3754 conscientiis,
923 3685 966 3732 ne
987 3686 1108 3752 appro·
1182 3668 1287 3745 hstis,
1310 3665 1506 3750 Apostolis,
1532 3676 1566 3730 et
1587 3662 1624 3728 S.
1641 3668 1695 3740 ⁹⁰)
1738 3599 1896 3727 iambus
1917 3658 2064 3729 sceleste
2085 3664 2143 3730 de·

126 3751 205 3817 bont
225 3751 496 3817 aduersariomm
517 3754 655 3819 abusus.
1159 3689 1317 3830 ienditls,
1351 3750 1524 3828 videlicet,
1556 3747 1646 3834 quod
1666 3746 1776 3812 Missa
1802 3767 1844 3811 ex
1872 3766 1974 3831 opere
2002 3761 2142 3835 operato

211 3837 280 3903 Sed
312 3838 488 3904 redeamus
521 3839 564 3903 ad
594 3859 741 3905 causam.
793 3837 878 3904 Cum
903 3836 1011 3902 illisne
1039 3858 1109 3903 non
1159 3837 1334 3916 iustificat,
1375 3835 1466 3921 quod
1497 3845 1662 3899 mereatur
1693 3833 1925 3898 remissionem
1957 3832 2077 3919 culpae
2108 3848 2143 3903 et

124 3922 169 3987 sit
189 3920 396 4000 satisfactio,
425 3943 489 3989 nec
508 3942 572 4009 pro
593 3943 719 4008 poena,
751 3943 815 3989 nec
836 3943 898 4008 pro
920 3919 1036 4006 culpa,
1064 3942 1108 3987 ex
1159 3941 1306 4009 poenae,
1340 3922 1438 3986 etiam
1466 3919 1614 3998 iniustis,
1639 3937 1702 4004 pro
1730 3919 1852 4004 quibus
1875 3917 2078 4004 applicatur,
2111 3921 2143 3988 sl

125 4027 228 4093 opere
261 4020 418 4093 operato,
452 4010 524 4074 sine
549 4008 632 4087 lide,
664 4007 690 4074 S
734 4010 821 4075 uitur
852 4005 1108 4092 applicationem
1159 4028 1226 4073 non
1256 4019 1383 4093 ponant
1396 4009 1450 4086 ⁹¹)
1478 4005 1618 4071 obicem.
1672 4003 1745 4069 llos
1775 4006 1985 4089 perniciosos
2007 4025 2141 4073 errores

69 4154 75 4162 .
148 4112 188 4158 ro
219 4094 356 4160 mortuis
385 4092 534 4160 inutilem
568 4115 655 4161 esse.
730 4114 816 4179 eque
847 4091 902 4158 hic
935 4112 1020 4157 ous
1054 4101 1108 4156 est
1159 4094 1404 4179 improbamus,
1431 4092 1489 4177 qni
1508 4089 1625 4158 leduut
1651 4088 1791 4176 gloriam
1837 4091 1981 4157 essionis
2004 4090 2140 4174 Christi,

124 4116 278 4267 longiore
299 4179 536 4264 disputacione.
572 4179 712 4247 Constat
733 4180 820 4244 enim
842 4179 963 4265 quod'
1012 4197 1107 4262 eap-
1159 4190 1193 4244 et
1254 4179 1363 4245 enitus
1401 4179 1546 4243 obruunt
1582 4178 1768 4244 doctrinam
1826 4197 1845 4243 e
1884 4176 2016 4242 iusticia
2050 4176 2139 4244 fidei.

124 4263 321 4351 plicationes
341 4285 403 4350 pro
426 4268 565 4333 mortuis
586 4264 681 4331 nullu
701 4264 848 4331 habeant
868 4285 910 4330 ex
931 4265 1106 4349 scripturis
1158 4262 1195 4330 Si
1240 4262 1281 4329 lis
1307 4261 1368 4328 luit
1388 4263 1563 4347 persuasio
1590 4263 1764 4347 impiorum
1786 4265 1819 4328 in
1841 4259 1935 4350 lege,
1958 4262 2049 4347 quod
2071 4285 2139 4335 me·

124 4353 322 4419 testimonia.
371 4351 444 4418 Nec
472 4364 579 4418 tutum
606 4363 658 4416 est
686 4352 720 4416 ln
741 4348 898 4416 Ecclesia
925 4349 1035 4417 cultus
1056 4351 1106 4414 in·
1156 4361 1311 4415 rercntur
1324 4353 1379 4427 ⁹²)
1410 4350 1638 4414 remissionem
1665 4359 1901 4432 peccatorum,
1928 4368 1997 4412 non
2019 4350 2138 4436 gratis,

123 4439 280 4519 stituere,
312 4437 386 4503 siue
418 4440 591 4504 autoritate
623 4437 820 4522 scripturae.
869 4436 912 4503 Et
939 4437 1105 4586 sirpuando
1155 4455 1217 4586 per
1238 4434 1357 4516 iidem,
1379 4435 1440 4499 sed
1462 4453 1522 4520 per
1543 4431 1709 4498 sacrificia
1731 4453 1774 4497 ex
1795 4453 1898 4518 opere
1920 4447 2069 4521 operato.
2083 4439 2138 4515 ⁹³)

122 4522 473 4608 opuseritprolixius
495 4525 629 4590 datota
651 4524 869 4589 rediremus.
912 4522 976 4596 Qui
1018 4522 1104 4586 enim
1171 4532 1271 4609 taque
1292 4522 1463 4610 augebant
1483 4515 1561 4585 illos
1583 4516 1692 4585 cultus
1715 4530 1748 4584 et
1770 4519 1955 4597 sacrificia,
1987 4521 2137 4588 institue·

122 4630 212 4675 nunc
232 4611 377 4696 risemm
404 4631 479 4676 cum
499 4609 703 4696 aduersarijs
732 4611 789 4695 qui
816 4628 927 4695 neque
948 4607 1027 4694 quid
1049 4627 1104 4672 sa·
1154 4662 1362 4674 -.-

124 4695 297 4777 orificium,
309 4697 363 4773 ⁸⁸)
385 4716 494 4783 neque
515 4695 595 4781 quid
615 4704 871 4777 sacramentum,
893 4713 1003 4781 neque
1023 4693 1104 4780 quid
1237 4743 1252 4795 t
1322 4741 1348 4793 ,ν
1534 4783 1539 4793 Ι
1601 4759 1623 4793 .t
1640 4740 1671 4793 to
1727 4739 1753 4791 ,ν

122 4783 275 4848 remissio
301 4792 533 4866 peccatorum,
566 4801 677 4868 neque
710 4782 788 4867 quid
809 4781 851 4845 sit
873 4778 975 4856 fides,
1007 4777 1103 4844 intel·
1154 4742 1361 4901 {mmai}
1375 4745 1431 4882 ἓ.
1444 4747 1629 4897 {wax
1647 4757 1778 4897 ὥρη

121 4864 281 5020 llgunicc
303 4953 455 5019 Graecus
483 4950 603 5018 Canon
633 4951 782 5041 applicat
808 4948 1009 5019 oblationem
1030 4962 1101 5017 ltn-
1150 4919 1203 5070 gii
1219 4915 1585 5069 iclxiii-‘ilibsgiii

75 5064 85 5076 .
121 5061 220 5125 quam
252 5037 535 5146 satisfactionem,
569 5059 634 5144 pro
668 5037 821 5121 mortuis,
853 5040 931 5124 qnia
956 5034 1103 5187 applicat
1154 5088 1201 5155 92)
1219 5088 1392 5156 mmm]
1410 5087 1460 5138 m·
1479 5088 1504 5140 t.
1523 5092 1576 5153 ,w
1596 5103 1662 5140 em:
1678 5096 1837 5141 mmm,

100 5206 103 5211 .
122 5147 195 5194 earu
217 5137 344 5212 pariter
362 5127 469 5192 beatus
491 5126 644 5191 omnibns
668 5122 888 5204 Patriarcbis,
912 5124 1002 5209 Prop
1026 5135 1100 5203 eus,
1153 5175 1200 5241 93)
1218 5190 1271 5225 nou
1290 5175 1386 5239 m,
1403 5188 1450 5239 1³01
1466 5171 1561 5236 noem,
1577 5176 1624 5225 reu
1642 5190 1688 5241 per
1704 5175 1835 5227 „mm
1852 5190 1887 5227 ,ι
1903 5192 1983 5243 opere
2000 5174 2131 5247 om]

1220 5244 1302 5295 Editt.
1320 5244 1411 5295 2-4.=
1428 5257 1475 5307 per
1492 5243 1623 5295 saeriticia
1645 5259 1679 5294 ex
1702 5258 1782 5310 opere
1804 5253 1928 5311 operato,
1951 5260 2006 5296 non
2029 5247 2130 5312 accipe-

120 5317 170 5384 st)
188 5316 363 5383 ascribam]
380 5316 430 5368 sd.
449 5317 474 5366 ³.
492 5323 544 5384 typ.
563 5330 626 5367 em:
643 5312 798 5375 amnicum,
1222 5313 1378 5375 tentaretis
1396 5325 1443 5377 per
1459 5311 1548 5364 fldem.

328 5433 478 5479 unam.
490 5432 573 5478 orsu
586 5431 651 5477 rou.
664 5430 757 5474 usu.
862 5418 864 5422 '
1889 5417 1925 5468 to
