4756 6194
175 460 243 528 ua
527 460 567 526 u
609 455 844 526 neocoon
865 428 1189 527 consessionis
1209 454 1521 525 uuousmnae.
1569 457 1612 523 a.
1655 455 1844 526 scruas
2127 459 2195 526 ns

178 649 259 734 quit.
276 651 329 726 ¹³)
366 647 443 713 Non
466 659 517 712 est
535 667 617 733 ergo
640 648 747 711 anima
769 648 811 711 ad
835 646 1010 732 imaginem
1032 643 1109 726 Dei,
1126 649 1161 711 iu
1213 645 1345 711 debitae
1366 644 1514 709 iusticiae
1536 647 1694 737 carentia,
1711 649 1762 722 11)
1785 644 1826 710 Et
1848 646 1881 709 in
1893 667 1958 711 vna
1980 650 2120 714 istarum
2142 668 2194 713 re·

178 754 244 820 qua
266 731 362 798 Deus
386 755 454 799 non
476 753 609 818 semper
631 743 701 810 est,
717 730 761 795 Et
783 730 908 797 Paulus
927 732 974 796 ad
993 730 1161 817 Ephesios
1214 732 1431 816 sponsionum
1463 729 1643 795 includitur
1669 727 1785 795 altera.
1838 731 1926 795 ldem
1960 735 2066 797 sensit
2094 734 2195 819 Hugo

179 831 214 884 et
246 816 472 885 Colossenses
506 818 652 884 ostendit
679 818 856 904 imaginem
888 815 971 896 Dei,
1004 819 1162 883 noticiam
1214 837 1289 881 curu
1310 818 1367 896 ait,
1392 813 1562 904 Originale
1583 826 1756 901 peccatum
1785 834 1882 897 esse,
1913 818 2133 903 ignorantiam
2161 820 2197 884 in

178 905 244 971 Dei
267 923 363 983 esse,
385 906 549 970 iusticiam
578 914 611 968 et
639 905 823 969 veritatem.
866 902 938 968 Nec
963 903 1162 989 Longobar·
1214 915 1336 982 mente,
1360 914 1393 966 et
1417 903 1719 987 concupiscentiam
1741 903 1774 965 in
1798 923 1911 982 carue,
1925 902 2099 988 Significat
2110 906 2197 970 euim

179 993 244 1057 dus
267 1002 400 1056 veretur
420 991 543 1068 dicere,
565 988 657 1075 quod
679 990 810 1055 iusticia
833 989 990 1074 originis,
1017 990 1061 1055 sit
1086 993 1096 1053 i
1122 1009 1160 1053 sa
1214 1008 1279 1053 nos
1302 1000 1483 1053 nascentes
1507 988 1626 1052 afferre
1648 988 1895 1073 ignoraciouem
1916 987 1997 1068 Dei,
2021 988 2196 1055 increduli·

180 1073 359 1141 similitudo
376 1074 458 1155 Dei,
482 1095 568 1160 quae
590 1074 712 1139 homini
735 1077 839 1140 indita
856 1086 909 1140 est
930 1096 951 1139 a
971 1073 1058 1139 Deo.
1097 1012 1162 1162 Ne·
1215 1085 1328 1151 tatem,
1351 1070 1584 1150 diflidcnciam,
1609 1084 1842 1157 contemptum,
1865 1075 1973 1139 odium
1996 1073 2070 1139 Dei.
2104 1074 2200 1141 Haec.

180 1163 320 1227 citamus
346 1176 494 1226 veterum
522 1160 731 1238 sentencias,
757 1181 846 1245 quac
873 1157 954 1223 nihil
982 1161 1163 1245 impediunt
1216 1161 1302 1225 euim
1338 1156 1533 1243 complexus
1567 1170 1635 1236 est,
1668 1180 1742 1223 cum
1778 1159 2007 1244 ignorancium
2040 1162 2197 1226 nominat.

179 1247 357 1332 Augustini
380 1247 686 1331 interpretationem
709 1246 750 1311 de
771 1247 928 1350 imagine.
1214 1245 1258 1310 Et
1280 1246 1345 1309 hae
1367 1246 1559 1325 sentenciae
1582 1246 1886 1310 consenciuntcum
1904 1246 2091 1330 scriptume,
2112 1246 2199 1312 Nam

266 1331 382 1416 ltaque
412 1344 509 1397 vetus
539 1331 703 1409 divinitis,
738 1351 812 1396 cum
842 1331 964 1415 mquit,
987 1341 1162 1415 peccatum
1216 1328 1342 1395 Paulus
1365 1332 1530 1395 interdum
1554 1350 1717 1414 expresse
1740 1332 1886 1395 nominat
1908 1330 2084 1403 defectum,
2107 1343 2143 1396 vt
2167 1334 2198 1397 l.

180 1419 449 1483 essecarentiam
466 1417 776 1493 iustitiae,dctrahit
794 1437 862 1480 uon
878 1414 987 1481 solum
1007 1417 1163 1481 obedien·
1215 1414 1366 1483 Corinth.
1389 1418 1424 1498 ij.
1470 1415 1631 1481 Animalis
1653 1417 1753 1480 homo
1776 1436 1842 1479 non
1864 1419 2007 1502 percipit
2029 1437 2086 1497 ea,
2111 1439 2199 1502 quae

180 1505 258 1568 tiam
280 1499 472 1568 inferiorum
495 1501 791 1581 vitiumhomiuis,
815 1504 997 1567 sedetiam
1021 1502 1164 1567 detrahit
1216 1502 1353 1567 s'ritus
1379 1501 1444 1566 Dei
1472 1515 1559 1579 sunt.
1602 1500 1693 1567 Alibi
1722 1504 2024 1585 ccneupisceutiam
2052 1507 2200 1570 nominat

180 1589 336 1653 noticiam
353 1587 431 1664 Dei,
454 1588 608 1654 fiduciam
631 1608 712 1673 erga
728 1586 849 1664 Deum,
861 1588 1011 1652 timorem
1030 1600 1063 1652 et
1074 1609 1163 1653 amo·
1216 1610 1234 1654 c
1263 1589 1387 1652 'cacem
1410 1589 1443 1650 in
1466 1589 1640 1666 membris,
1664 1598 1697 1652 ct
1718 1589 1901 1672 parientem
1924 1587 2032 1652 malos
2054 1585 2198 1654 fructus.

181 1694 252 1738 rem
284 1672 370 1753 Dei,
403 1686 461 1738 aut
493 1686 585 1737 certe
616 1675 684 1738 vim
714 1674 779 1737 ista
812 1671 979 1738 efficiendi
1008 1673 1163 1738 detrahit.
1215 1673 1335 1738 Plures
1364 1671 1462 1739 locos
1492 1668 1595 1737 citare
1632 1675 1674 1736 de
1706 1684 1846 1759 utraque
1874 1687 1971 1758 parte
2009 1693 2199 1757 possemus,

180 1759 266 1823 Nam
294 1772 326 1823 et
355 1760 420 1845 ipsi
447 1758 597 1845 theologi
626 1760 659 1822 in
683 1756 809 1824 scholis
837 1758 971 1825 tradunt
1003 1761 1068 1824 ista
1094 1779 1163 1822 non
1215 1760 1274 1824 scd
1298 1759 1331 1822 in
1355 1779 1392 1822 re
1415 1758 1591 1823 manifesta
1613 1757 1696 1823 nihil
1720 1779 1805 1841 opus
1829 1770 1881 1823 est
1903 1760 2112 1845 testimonijs.
2156 1758 2199 1825 Et

182 1843 271 1909 effici
306 1846 379 1909 sine
408 1846 509 1910 certis
544 1845 660 1923 donis,
690 1856 721 1908 et
750 1843 873 1909 auxilio
907 1843 1046 1928 gratiae.
1090 1845 1163 1909 Nos
1215 1842 1313 1910 facile
1335 1844 1484 1909 iudicare
1503 1846 1624 1929 poterit
1651 1847 1799 1929 prudens
1821 1841 1930 1908 lector
1951 1845 2015 1909 has
2039 1867 2105 1910 nou
2128 1856 2199 1910 tau-

179 1932 255 2034 ipsa
279 1931 367 1995 dona
388 1931 614 2009 nominamus,
642 1939 678 1994 vt
701 1950 756 1994 res
783 1927 924 2017 intelligi
977 1932 1078 2009 ossit,
1104 1951 1164 1994 no·
1215 1944 1284 1996 tum
1307 1927 1423 2014 culpas
1442 1927 1590 1994 actuales
1619 1950 1714 2008 esse,
1744 1930 1816 1995 sine
1838 1943 1927 1995 metu
1956 1930 2036 2005 Dei,
2065 1943 2098 1996 et
2125 1931 2199 1997 siue

180 2017 291 2080 trciam
309 2014 392 2094 Dei,
421 2016 571 2081 timorem
600 2026 633 2080 et
661 2014 814 2081 fiduciam
842 2037 923 2101 erga
985 2037 1070 2080 eum.
1113 2015 1165 2080 Ex
1215 2017 1282 2081 lide
1303 2034 1390 2080 esse.
1436 2015 1520 2081 Sunt
1543 2018 1628 2081 enim
1648 2014 1818 2080 durabiles
1841 2014 1994 2081 defectus
2021 2018 2055 2080 in
2077 2028 2199 2082 natura

180 2101 233 2166 his
257 2112 396 2187 apparet
418 2116 563 2167 veterem
586 2101 809 2193 definitionem
840 2122 982 2186 prorsus
1010 2102 1095 2165 idem
1118 2101 1165 2167 di·
1216 2123 1283 2167 uon
1307 2115 1478 2166 renouata.

182 2206 259 2253 ecre
281 2189 372 2272 quod
393 2207 457 2251 nos
480 2186 640 2264 dicimus,
664 2185 877 2252 detrahentes
900 2200 1022 2252 metum
1044 2186 1108 2252 Dei
1131 2200 1165 2252 et
1301 2182 1391 2251 Nihil
1412 2187 1512 2271 igitur
1535 2189 1576 2251 de
1598 2200 1737 2271 peccato
1761 2187 1909 2272 Originis
1928 2189 2090 2252 sentimus
2118 2187 2198 2253 alie·

180 2271 355 2350 fiduciam,
378 2270 534 2336 videlicet
556 2292 624 2337 uon
646 2283 744 2338 actus
767 2283 915 2353 tantum,
937 2273 998 2338 sed
1020 2273 1110 2338 dona
1132 2285 1166 2336 et
1215 2294 1305 2352 uum,
1327 2283 1385 2337 aut
1405 2292 1426 2335 a
1448 2274 1625 2359 scriptura,
1648 2284 1705 2338 aut
1726 2294 1746 2336 a
1767 2271 1932 2338 catholica
1946 2271 2111 2352 Ecclesia,
2134 2274 2198 2338 sed

180 2360 247 2423 vim
269 2359 312 2423 ad
334 2358 419 2423 haec
440 2355 625 2423 efficienda.
948 2378 962 2407 s
1216 2358 1435 2446 grauissimas
1457 2359 1647 2423 sentencias
1669 2362 1856 2442 scripturae
1885 2370 1916 2423 et
1938 2357 2076 2423 Petrum
2098 2361 2197 2425 obru-

268 2444 393 2513 Eadem
422 2457 474 2508 est
501 2443 671 2508 sentencia
699 2442 919 2522 delinitionis,
952 2463 1039 2529 quae
1072 2454 1166 2508 extat
1215 2457 1269 2508 tas
1304 2440 1504 2527 Sophisticis
1536 2444 1616 2508 rixis
1650 2443 1882 2528 theologorum
1918 2445 2117 2523 recentium,
2145 2466 2197 2509 re·

180 2531 270 2614 apud
293 2530 525 2614 Augustiuum,
548 2530 604 2613 qui
627 2527 713 2593 solet
736 2528 875 2593 delinire
901 2542 1077 2614 peccatum
1100 2530 1164 2593 ori·
1238 2548 1407 2615 urgemus,
1426 2541 1458 2593 et
1480 2531 1513 2593 iu
1535 2527 1644 2594 lucem
1670 2530 1894 2608 restituimuS,
1925 2529 2011 2594 Nam
2039 2549 2094 2594 res
2121 2531 2198 2613 ipsa

181 2617 269 2701 ginis
303 2615 607 2698 concupiscentiam
636 2634 724 2678 esse.
769 2613 944 2700 Significat
971 2616 1057 2678 enim
1086 2634 1163 2679 con·
1215 2553 1372 2701 loquitur,
1389 2616 1595 2680 recentiores
1618 2612 1796 2700 theologos
1820 2637 1887 2680 non
1910 2615 2198 2696 animaduertisse,

180 2701 418 2783 cupiscentiam
428 2700 638 2765 successisse
649 2701 774 2765 amissa
785 2701 929 2764 iusticia.
963 2700 1048 2763 Nam
1059 2720 1164 2786 aegra
1215 2703 1294 2787 quid
1323 2697 1489 2765 volueriut
1517 2699 1634 2766 Patres
1668 2703 1709 2766 de
1744 2698 1876 2767 defectu
1905 2699 2091 2788 loquentes.
2134 2699 2198 2767 ht

179 2796 301 2851 natura
328 2786 403 2869 quia
433 2806 501 2850 non
531 2798 643 2867 potest
677 2784 785 2851 Deum
813 2787 929 2850 timere
958 2798 990 2849 et
1013 2783 1163 2870 diligere,
1215 2797 1324 2852 autem
1347 2786 1539 2850 necessaria
1567 2788 1712 2872 cognitio
1735 2788 1866 2870 peccati
1897 2788 2052 2871 originis,
2080 2786 2198 2873 Neque

178 2870 255 2936 Deo
285 2872 440 2947 credere,
470 2872 598 2956 quaerit
625 2882 659 2934 et
685 2882 775 2936 amat
802 2869 959 2936 carnalia.
1004 2870 1163 2935 ludicium
1214 2875 1300 2937 enim
1323 2881 1436 2956 potest
1458 2869 1599 2959 intelligi
1620 2873 1813 2957 magnitudo
1836 2874 1964 2958 gratiae
1980 2870 2115 2954 Christi,
2132 2872 2198 2936 nisi

179 2954 263 3034 Dei,
291 2966 349 3022 aut
371 2976 491 3023 secura
512 2957 708 3033 contemnit,
737 2969 796 3022 aut
819 2958 888 3022 odit
910 2953 1162 3040 perterrefacta,
1214 2960 1340 3023 morbis
1379 2959 1505 3021 nostris
1538 2958 1693 3043 coguitis.
1748 2957 1834 3022 Tota
1873 2956 2014 3022 hominis
2051 2958 2197 3038 iusticia,

179 3041 230 3105 lta
251 3054 285 3107 et
308 3038 473 3107 delectum
496 3039 726 3125 complectitur
748 3042 976 3132 Augustinus,
1005 3053 1038 3105 et
1058 3043 1163 3107 sicio-
1188 3028 1192 3082 ³
1214 3063 1306 3108 mera
1328 3055 1380 3108 est
1400 3041 1590 3127 hypocrisis
1613 3063 1728 3108 coram
1744 3041 1839 3121 Deo,
1867 3043 1933 3107 nisi
1960 3043 2197 3191 agnouerimus

180 3148 253 3192 sim
281 3126 429 3193 habiturn
463 3127 520 3211 qui
547 3128 733 3204 succeseit,
759 3127 877 3211 Neque
904 3148 986 3192 vero
1009 3127 1162 3210 concupi·
1186 3100 1192 3271 ί
1215 3149 1276 3194 cor
1297 3126 1490 3193 naturaliter
1512 3149 1635 3195 vacare
1657 3148 1788 3204 amore,
1821 3131 1956 3207 timore,
2002 3128 2099 3193 ducia
2119 3126 2196 3193 Dei.

179 3215 311 3278 scentia
343 3223 469 3278 tautum
496 3212 665 3296 corruptio
692 3211 887 3297 qualitatum
918 3212 1070 3297 corporis
1097 3225 1161 3290 est,
1215 3215 1294 3279 ldeo
1323 3211 1493 3297 Propheta
1525 3215 1650 3300 iuquit,
1684 3214 1867 3299 Postquam
1901 3214 2075 3278 ostendisti
2105 3211 2196 3293 mihi,

179 3298 249 3363 Sed
267 3300 366 3363 etiam
387 3317 492 3382 praua
515 3298 693 3361 conuersio
715 3299 757 3362 ad
782 3295 928 3365 carnalia
950 3299 984 3362 in
1013 3299 1163 3383 superio·
1187 3291 1192 3429 l
1214 3301 1367 3386 percussi
1387 3301 1495 3366 samur
1521 3321 1646 3379 meum,
1674 3300 1765 3366 ltem.
1785 3304 1836 3375 ¹²)
1875 3299 1950 3385 Ego
1984 3299 2050 3364 dixi
2077 3300 2111 3363 in
2140 3318 2197 3363 ex-

178 3385 273 3449 rihus
304 3384 448 3459 viribus,
478 3382 550 3446 Nec
576 3383 690 3447 vident
718 3385 797 3468 quid
827 3384 958 3463 dicant,
984 3385 1041 3469 qui
1062 3381 1163 3451 simul
1187 3443 1191 3465 ,
1215 3404 1314 3452 cessa
1337 3406 1423 3457 meo,
1447 3385 1563 3450 Omnis
1586 3384 1687 3452 homo
1710 3386 1864 3465 mendax,
1885 3388 1919 3450 id
1938 3397 2001 3463 est,
2018 3405 2086 3449 non
2104 3395 2197 3450 recte

179 3469 328 3535 tribuunt
350 3467 472 3533 homini
503 3469 808 3553 concupiscentiam
837 3489 904 3533 non
933 3469 1163 3535 mortificatam
1214 3472 1371 3537 senciens
1393 3474 1436 3536 dc
1458 3469 1545 3537 lieo.

179 3556 340 3640 aspiritu
362 3564 491 3636 sancto,
514 3567 546 3618 et
567 3551 777 3619 dilectionem
798 3553 862 3619 Dei
884 3574 987 3639 super
1010 3555 1131 3620 omnia.
1300 3557 1364 3626 llic
1386 3558 1430 3621 lla
1456 3553 1754 3640 ellantaduersarij
1779 3556 1875 3620 etiam
1898 3553 2079 3618 Lutherum
2103 3553 2195 3638 quod

265 3640 337 3704 Nos
360 3640 462 3726 igitur
483 3652 576 3704 recte
598 3641 824 3724 expressimus
852 3651 1018 3726 vtrunque
1044 3642 1077 3705 in
1106 3642 1162 3706 de·
1213 3644 1408 3728 scripserit,
1432 3579 1614 3706 Peccatum
1637 3642 1775 3725 originis
1805 3660 1939 3704 manere
1961 3650 2039 3722 post
2065 3637 2195 3722 Baptis-

180 3726 361 3810 scriptione
377 3724 506 3809 peccati
520 3723 712 3809 originalis,
730 3723 1048 3792 videlicetdefectus
1070 3723 1161 3804 illos,
1213 3749 1313 3805 mum,
1338 3728 1476 3790 Addunt
1497 3727 1586 3790 hunc
1609 3724 1783 3789 articulum
1806 3726 1876 3788 iure
1903 3727 2091 3789 damnatum
2115 3744 2195 3791 esse

178 3829 247 3874 nou
269 3830 373 3893 posse
395 3809 471 3874 Deo
500 3811 655 3886 credere,
683 3831 750 3873 nou
783 3831 888 3895 posse
910 3809 1020 3875 Deum
1046 3815 1162 3876 timere
1214 3833 1235 3876 a
1256 3810 1370 3876 Leone
1392 3834 1425 3876 x.
1446 3812 1513 3876 Sed
1533 3808 1653 3875 Caesa.
1676 3808 1744 3876 Ma.
1765 3811 1796 3873 in
1820 3806 2194 3875 hoclocomanisestam

179 3916 221 3961 ac
254 3894 403 3980 diligere.
458 3894 538 3959 ltem
577 3895 703 3960 habere
735 3897 1041 3978 concupiscentiam
1076 3917 1161 3980 quae
1214 3895 1411 3962 calumniam
1434 3893 1666 3981 deprehendet.
1702 3894 1818 3960 Sciunt
1845 3897 1931 3960 enim
1953 3895 2136 3980 aduersarij
2160 3896 2195 3960 iu

180 3981 329 4047 carnalia
351 3981 481 4065 quaerit
503 3992 620 4044 contra
641 3983 780 4046 terbum
799 3979 876 4057 Dei,
885 3978 953 4043 hoo
974 3993 1038 4057 est,
1060 4000 1161 4065 quac·
1213 4003 1311 4067 quam
1334 3983 1536 4046 sentenciam
1559 3979 1726 4046 liutherus
1749 3983 1815 4047 hoc
1835 3983 1958 4047 dictum
1982 3978 2077 4059 velit,
2105 3981 2194 4066 quod

178 4068 222 4130 rit
243 4088 311 4132 non
334 4063 445 4130 solum
472 4065 664 4150 voluptates
692 4067 863 4150 corporis,
889 4066 950 4128 scd
983 4067 1082 4130 etiarn
1111 4085 1162 4129 sa-
1186 4112 1190 4126 .
1212 4079 1387 4153 peccatum
1420 4068 1557 4153 originis
1593 4065 1754 4152 reliquum
1794 4067 1836 4130 sit
1868 4078 1945 4152 post
1976 4066 2194 4151 Baptismnm,
2270 4146 2273 4151 ⁶

179 4154 335 4237 pientiam
357 4162 392 4216 ct
411 4152 575 4215 iusticiam
598 4149 786 4231 carnalem,
812 4163 846 4216 et
868 4149 1004 4216 confidit
1025 4151 1079 4215 his
1105 4152 1161 4239 bo·
1214 4153 1353 4235 Semper
1371 4154 1417 4216 ita
1440 4154 1591 4236 scripsit,
1613 4153 1703 4238 quod
1725 4152 1917 4237 Baptismus
1945 4150 2039 4216 tollat
2065 4164 2194 4217 reatum

179 4240 250 4318 nis,
272 4249 491 4304 contemnens
513 4235 633 4315 Deum,
665 4236 782 4322 Neque
803 4233 913 4303 solum
934 4250 1080 4315 veteres,
1099 4237 1161 4301 sed
1213 4239 1343 4322 peccati
1365 4237 1550 4324 originalis,
1567 4239 1664 4302 etiam
1687 4239 1716 4301 si
1739 4235 1919 4318 materiale,
1938 4249 1972 4302 vt
1993 4239 2047 4301 isti
2058 4248 2192 4315 vocant,

178 4326 278 4389 etiam
301 4322 524 4399 recentiores,
553 4323 589 4386 Si
619 4323 776 4406 quisunt
799 4323 1012 4390 cordaciores
1040 4325 1162 4389 docent
1213 4325 1341 4410 peccati
1374 4338 1523 4403 maneat,
1563 4323 1719 4389 videlicet
1759 4325 2037 4406 concupiscentia.
2094 4322 2194 4387 Addi-

180 4408 280 4475 simul
307 4411 374 4473 ista
394 4428 476 4473 vere
504 4419 675 4490 peccatum
708 4408 849 4493 originis
878 4427 974 4486 esse,
1008 4406 1160 4473 desectus
1213 4411 1261 4475 dit
1275 4413 1327 4488 13)
1360 4409 1457 4474 etiam
1486 4412 1528 4474 de
1555 4407 1733 4485 materiali,
1767 4410 1856 4493 quod
1888 4411 2022 4474 siritus
2055 4421 2193 4473 sanctus

179 4494 347 4573 videlicet,
370 4513 457 4578 quos
485 4493 656 4571 recensui,
686 4508 720 4558 et
748 4495 1059 4578 concupiscentiam.
1103 4492 1161 4558 Sic
1213 4497 1312 4560 datus
1334 4515 1395 4581 per
1422 4494 1644 4580 Baptismnm,
1668 4495 1782 4580 incipit
1809 4432 2009 4559 mortidcarc
2036 4495 2193 4577 concupi-

180 4583 267 4645 euim
290 4576 578 4666 inquietiones,
602 4579 780 4646 Peccatum
807 4580 944 4664 originis
966 4579 1069 4643 habet
1095 4580 1160 4662 pri·
1212 4582 1391 4660 scentiam,
1424 4594 1457 4645 et
1486 4600 1594 4646 nonos
1626 4591 1739 4646 motus
1768 4591 1859 4644 creat
1885 4581 1919 4645 in
1951 4578 2095 4645 homine.
2138 4579 2193 4644 Ad

180 4668 348 4731 nationem
371 4662 544 4749 originalis
567 4666 729 4743 iusticias,
752 4677 786 4730 et
808 4686 883 4730 cum
905 4663 972 4730 hoc
993 4663 1161 4730 inordina·
1213 4668 1354 4733 eu'ndem
1382 4669 1516 4733 modum
1546 4664 1692 4751 loquitur
1726 4677 1759 4730 et
1786 4665 2015 4750 Augustinus,
2049 4665 2104 4755 qqi
2136 4666 2215 4741 aits·

182 4764 249 4817 tam
278 4748 528 4836 dispositionem
555 4756 696 4834 partium
724 4751 869 4829 anianae,
897 4750 985 4815 vnde
1012 4771 1079 4815 non
1107 4760 1161 4814 est
1211 4753 1392 4818 Peccatum
1415 4753 1448 4816 in
1471 4754 1643 4836 baptismo
1665 4752 1858 4830 remittitur,
1887 4772 1954 4816 non
1976 4764 2013 4815 vt
2041 4770 2109 4815 non
2138 4750 2193 4835 sit,

180 4839 330 4922 priuacio
353 4856 455 4920 pura,
478 4835 548 4901 seu
571 4835 702 4918 quidam
724 4834 857 4900 habitos
886 4848 1074 4919 corruptus.
1118 4832 1160 4898 Et
1212 4837 1274 4902 sed
1297 4848 1333 4901 vt
1355 4858 1423 4902 nou
1445 4839 1632 4923 imputetur.
1649 4842 1701 4911 ¹⁴)
1744 4836 1807 4900 llic
1830 4835 1939 4920 palam
1960 4835 2082 4902 latetur
2103 4854 2193 4916 esse,

180 4923 430 4997 Bonauentura,
452 4918 537 4985 (ium
555 4921 726 5006 quaeritur
746 4922 825 5006 quid
848 4923 891 4986 sit
908 4919 1073 5006 originale
1085 4939 1160 5005 pec·

181 5022 303 5087 catum,
325 5019 419 5073 recte
439 5006 675 5090 respondetur,
703 5007 793 5090 quod
815 5007 860 5070 sit
887 5005 1160 5091 concupiscentia

180 5096 408 5161 immoderata.
453 5090 559 5156 Recte
591 5093 691 5156 etiam
721 5093 962 5176 respondetur,
996 5093 1086 5177 quod
1118 5092 1162 5157 sit
1215 5110 1513 5179 tt)eareutia,]1tditt.
1533 5112 1784 5165 a-4.:crrenua.

1216 5199 1262 5264 12)
1281 5197 1485 5264 menm‚1tern.}
1504 5197 1585 5247 Edltt.
1603 5200 1695 5249 2-4.=
1713 5213 1807 5251 meum.
1835 5199 1909 5261 Item,

182 5267 227 5279 ““
1216 5285 1261 5350 za)
1280 5283 1403 5351 nauare]
1423 5285 1462 5335 se
1479 5284 1562 5334 sure
1583 5284 1672 5346 1-a‚;
1691 5285 1740 5335 aa.
1759 5287 1800 5336 a:
1818 5284 1902 5334 aaut

183 5371 229 5437 10)
247 5366 355 5435 inquit]
374 5365 426 5416 Ed·
443 5365 485 5416 :tr
502 5366 596 5432 inquit,
936 5420 940 5427 ,
1215 5370 1261 5434 tt)
1279 5367 1441 5435 imputatus]
1461 5367 1599 5421 stolidis.
1619 5368 1834 5430 1-t.;1td4.:
1852 5375 1995 5435 reputetur.
