4756 6194
164 398 230 468 bel
515 395 557 466 ll.
601 394 832 487 ammeta
851 392 1169 466 boaresstoais
1189 390 1510 464 AUGUSTANAE.
1551 395 1593 464 B.
1634 394 1828 467 abibas.
2108 388 2182 472 Μ

165 586 376 658 incommodo
405 585 535 652 sernarl
560 593 714 669 possunt.
759 581 802 647 lit
824 583 860 648 in
882 581 949 647 hoc
971 581 1046 667 ipso
1068 600 1150 647 eon·
1199 580 1383 649 Caeterum
1408 603 1476 650 non
1502 581 1612 650 solam
1640 595 1797 652 externus
1823 584 1956 671 politiae
1981 588 2184 675 approbare,

105 681 117 735 ί
164 686 268 740 uentu
289 673 374 738 eatis
397 673 600 737 ostendimus
622 687 686 734 nos
705 680 843 754 propter
865 669 1037 733 canmtcm
1059 665 1150 732 stot-
1199 669 1261 773 sed
1285 687 1351 737 nos
1375 670 1474 734 etiam
1492 669 1661 774 subijeere
1681 669 1761 749 illis,
1784 672 1870 777 sicat
1892 677 2086 740 necessario
2103 678 2183 742 sub-

164 778 335 912 attii
348 752 1150 931 ,tit“ttt.tlsittlttt..t⁸t.r⁰tblitt:
1200 751 2183 925 il..tt¹¹¹¹¹t.¹.i.¹l.¹⁸⁵..libitinalilitiy‘t'tt

166 930 389 1009 concordiam,
410 946 497 1016 quae
518 928 651 1015 quidem
672 927 745 991 sine
767 924 953 991 offensione
974 925 1150 990 cousciea·
1201 923 1326 1011 pelium
1359 923 1512 1010 prohibet
1545 929 1724 994 vindictam
1756 931 1941 1013 priuatam,
1978 929 2081 1016 ldque
2113 930 2189 999 boo'

165 1017 286 1083 tiaram
307 1016 379 1082 lieri
400 1024 530 1100 posset,
552 1013 772 1079 iudicauimus
782 1012 936 1078 omnibus
958 1008 1036 1095 alijs
1059 1028 1149 1077 com·
1200 1007 1344 1077 consilio
1366 1008 1521 1077 Christus
1551 1016 1649 1079 toties
1672 1013 1836 1093 inculcat,
1865 1036 1907 1081 ne
1936 1016 2090 1102 Apostoli
2120 1039 2181 1105 pu·

165 1103 274 1168 modis
306 1100 554 1167 anteferendam
587 1119 677 1163 esse.
732 1097 801 1164 Sed
835 1099 878 1163 de
910 1096 975 1162 hac
1007 1108 1079 1161 tota
1110 1115 1149 1160 re
1199 1108 1310 1164 tarent
1338 1115 1377 1164 se
1399 1099 1538 1183 imperia
1562 1099 1686 1165 debere
1714 1102 1787 1166 istis
1810 1102 1857 1165 eri
1881 1121 1956 1182 ere,
1979 1103 2036 1188 qui
2055 1102 2180 1189 alioqui

166 1188 268 1274 paulo
300 1199 379 1271 post
410 1187 510 1251 etiam
537 1186 706 1263 dicemus,
741 1203 816 1248 cum
838 1182 880 1249 de
904 1181 1010 1261 votis,
1044 1192 1078 1247 ct
1106 1181 1149 1246 de
1200 1186 1377 1261 tenebant,
1407 1183 1494 1250 sicut
1522 1185 1633 1251 ludaei
1660 1186 1703 1250 de
1731 1207 1835 1272 regno
1859 1124 2011 1254 llessiae
2038 1192 2181 1255 somnie-

165 1284 335 1361 potestate
355 1269 594 1336 Ecelesiastica
616 1270 870 1353 disputabimus.
1200 1270 1292 1348 bant,
1315 1267 1384 1333 Sed
1406 1280 1443 1334 vt
1465 1271 1590 1336 scirent
1611 1291 1651 1336 se
1674 1272 1716 1336 de
1737 1294 1844 1360 regno
1869 1273 2034 1357 spirituali
2058 1278 2182 1341 docere

253 1356 440 1425 Articulum
458 1355 549 1422 XVl.
580 1355 742 1439 recipiunt
768 1352 955 1439 aduersarii
985 1351 1059 1416 siae
1080 1346 1149 1417 vlla
1199 1367 1372 1438 oportere,
1400 1375 1468 1422 uon
1490 1368 1616 1422 matare
1644 1355 1775 1424 ciuilem
1802 1370 1936 1424 statum.
1979 1360 2095 1447 ltaque
2116 1362 2181 1446 pri·

167 1445 386 1597 sistit?
418 1444 573 1594 'bib
586 1442 735 1595 titt
765 1433 1150 1591 {tibitibi
1199 1440 1473 1592 italiis
1503 1440 2181 1608 '2⁰¹2⁷fmilia..i‘li'iii‘lbili

168 1548 556 1719 lraperetorijsglegibus,
575 1548 641 1680 {lou
661 1571 982 1719 alijs'praesentibus
1004 1569 1149 1696 tegibus.
1200 1632 1286 1698 quae
1312 1611 1348 1676 iit
1376 1632 1419 1677 ex
1452 1573 1565 1680 allicio
1592 1575 1830 1702 magistratus,
1858 1552 1925 1682 ntln
1953 1555 2179 1697 dissuademus,

168 1701 334 1788 supplicia
356 1719 428 1766 rure
450 1700 670 1778 constituere,
697 1718 770 1765 rure
789 1695 881 1781 bella
902 1714 1039 1792 sapere,
1065 1693 1150 1760 mili·
1199 1697 1259 1763 sed
1293 1699 1510 1785 praecipitur,
1542 1711 1575 1765 et
1607 1715 1660 1765 est
1693 1722 1779 1785 opus
1802 1699 1881 1781 Dei,
1914 1704 2005 1768 iusta
2039 1701 2178 1768 Paulum

167 1799 253 1864 tare,
275 1788 346 1853 iare
364 1783 573 1863 cucumere,
596 1784 903 1871 tenereproprium,
924 1780 1149 1848 iusiurandum
1199 1781 1317 1850 Ronta.
1340 1784 1409 1870 xiij.
1453 1785 1521 1851 lam
1547 1784 1703 1871 publicae
1731 1788 1897 1853 dndictae
1922 1789 2055 1873 species
2088 1799 2179 1869 sunt,

168 1870 417 1960 postulantibus
435 1870 684 1958 otegistratibns
701 1874 794 1949 dere,
815 1865 1015 1936 contrahere
1036 1866 1148 1932 matri·
1198 1870 1337 1949 iudicia,
1370 1868 1548 1956 supplicia,
1584 1869 1687 1949 bellu,
1720 1870 1851 1939 milicia.
1906 1872 1960 1939 De
1990 1871 2044 1939 his
2074 1877 2179 1940 rebus

168 1961 334 2038 moniam,
362 1959 504 2044 denique
532 1958 623 2044 quod
655 1955 888 2044 legitimae⁹⁶)
922 1953 1148 2020 ordinationes
1200 1976 1299 2041 quam
1326 1953 1414 2021 male
1441 1957 1660 2023 iudicauerint
1683 1956 1776 2024 nrnlti
1802 1959 2001 2044 scriptores,
2034 1970 2179 2041 constat,

169 2042 304 2123 ciuiles,
332 2045 401 2109 siat
422 2044 532 2109 bonae
559 2054 733 2109 creaturae
754 2040 836 2120 Dei,
866 2052 900 2105 et
921 2039 1147 2105 ordinationes
1199 2042 1277 2128 quia
1303 2040 1337 2105 in
1358 2041 1425 2106 boc
1452 2063 1566 2109 errore
1588 2039 1739 2121 fuerunt,
1763 2044 1858 2110 Euan
1884 2042 1983 2111 elium
2010 2057 2180 2112 externam

169 2132 317 2208 diuinae,
350 2130 472 2215 quibus
503 2139 573 2195 tuto
601 2128 811 2196 Christianus
838 2126 886 2192 vti
911 2135 1034 2211 potest.
1084 2123 1149 2190 llic
1200 2127 1363 2212 quandem
1393 2148 1515 2194 nouam
1538 2142 1571 2194 et
1592 2130 1810 2195 monasticam
1830 2067 1978 2216 politiam
2000 2151 2094 2204 esse,
2115 2151 2181 2198 nee

160 2227 259 2283 totus
287 2214 386 2281 locus
417 2216 460 2280 de
482 2215 672 2282 discrimine
698 2214 793 2303 regni
821 2211 962 2290 Christi,
991 2218 1024 2274 et
1052 2210 1148 2296 regni
1199 2214 1352 2279 viderunt
1393 2212 1612 2302 liuengelium
1651 2217 1811 2281 cordibus
1855 2215 1975 2282 afferre
2014 2218 2180 2285 iustiorem

168 2300 288 2378 ciuilis,
309 2298 412 2365 literis
423 2312 614 2366 nostrorum
630 2299 752 2366 utiliter
763 2296 948 2364 illustratus
969 2304 1033 2373 est,
1055 2297 1146 2381 quod
1198 2311 1380 2379 aeternam,
1402 2297 1487 2366 soris
1509 2313 1619 2367 autem
1642 2303 1787 2385 probare
1809 2313 1930 2368 statam
1952 2300 2092 2368 ciuilem.

168 2406 309 2477 regnum
337 2384 462 2452 libr-isti
491 2388 536 2452 sit
560 2383 753 2470 spirituale,
787 2385 854 2450 hoc
883 2397 952 2461 est,
983 2383 1017 2446 in
1045 2382 1149 2447 corde
1290 2383 1514 2453 Vanissimum
1546 2399 1580 2451 et
1612 2385 1679 2452 boc
1709 2397 1784 2464 est,
1818 2390 1909 2472 quod
1939 2388 1986 2452 sit
2017 2386 2180 2473 perfectio

168 2475 325 2542 noticitnn
356 2470 441 2551 Dei,
474 2473 623 2539 timorem
655 2471 736 2550 Dei,
771 2483 805 2537 et
837 2470 952 2540 iidem.
986 2468 1148 2532 iusticiam
1199 2467 1409 2551 Christiana,
1435 2491 1503 2536 non
1531 2483 1646 2538 tencre
1672 2474 1853 2558 proprium.
1904 2471 1988 2539 Nam
2017 2475 2179 2625 perfectio

168 2571 337 2625 aeternum
358 2568 394 2625 et
414 2559 515 2623 vitem
537 2571 704 2625 aeternam
728 2557 898 2622 inclroens.
944 2555 1075 2618 interim
1097 2550 1148 2618 io·
1199 2554 1390 2622 Christiana
1415 2569 1467 2622 est
1488 2559 1571 2638 sita,
1599 2577 1666 2622 non
1689 2559 1723 2622 in
1745 2569 1936 2644 contemptu
1960 2560 2023 2625 ciui
2039 2563 2104 2627 iurn
2127 2581 2181 2626 or·

170 2648 217 2712 ris
244 2647 333 2711 sinat
353 2664 418 2710 nos
447 2645 495 2709 vti
520 2642 668 2729 politicis
689 2643 954 2710 ordinationibus
981 2637 1149 2726 legitimis,
1199 2642 1414 2721 dinationum,
1434 2644 1540 2709 sedin
1563 2645 1707 2710 motibus
1723 2646 1847 2725 cordis,
1868 2646 1902 2709 in
1920 2666 2042 2731 magno
2062 2646 2182 2713 timore
2305 2658 2310 2667 '

99 2792 103 2801 ·
169 2749 445 2883 titbttttt
488 2731 1039 2896 ..tiltttitttslttte
1061 2725 1150 2889 ilii}
1199 2725 2181 2904 iirbmttttltbtt‘tilllt‘izit‘lrdtltl

168 2915 262 2991 pota,
281 2920 372 2967 aere.
414 2898 489 2968 Neo
515 2901 581 2968 sert
608 2901 827 2990 Euangelium
860 2919 966 2965 nouas
987 2895 1021 2962 le
1045 2916 1084 2962 es
1105 2898 1149 2962 de
1199 2897 1338 2985 perlecti
1366 2912 1477 2980 erant,
1504 2921 1603 2987 quam
1630 2898 1688 2966 vlli
1715 2902 1882 2967 eremitae.
1927 2901 1995 2967 Sed
2024 2901 2181 2971 Monachl

169 2999 260 3055 statu
282 2985 388 3068 ciuili,
415 2988 476 3053 sed
497 2988 674 3074 praecipit,
702 3002 737 3056 vt
760 2986 995 3074 praesentibus
1017 2918 1150 3071 legions
1199 2983 1290 3051 iilam
1311 2997 1482 3052 externam
1504 2986 1699 3073 hypocrisin
1727 2986 1915 3054 offuderunt
1944 2986 2052 3053 oculis
2073 2988 2180 3054 bomi-

170 3074 448 3160 obtemperemus,
469 3075 543 3140 siue
563 3076 606 3140 ab
630 3072 782 3152 ethnicis,
805 3074 878 3138 siue
899 3072 942 3138 ab
965 3068 1045 3154 alijs
1068 3089 1149 3135 con·
1199 3090 1290 3150 nunt,
1310 3092 1354 3137 ue
1376 3073 1479 3164 rideri
1494 3077 1548 3153 ⁹⁹)
1575 3084 1692 3159 posset
1713 3074 1747 3139 in
1768 3075 1888 3161 quibus
1911 3076 2013 3140 rebus
2034 3075 2079 3139 sit
2099 3094 2181 3142 veru

171 3161 259 3227 ditae
279 3163 363 3240 sint,
391 3170 425 3224 et
445 3158 512 3226 hac
533 3159 723 3226 obedientia
751 3159 924 3224 eoriutem
944 3155 1038 3222 iubet
1057 3170 1150 3221 exer
1199 3153 1371 3243 perfectio.
1406 3158 1535 3233 Quibus
1557 3156 1710 3225 laudibus
1732 3170 1895 3226 vexerunt
1916 3162 2180 3229 communionem

171 3266 258 3314 cere.
302 3246 495 3311 lasaniebnt
527 3246 613 3312 enim
646 3243 927 3323 Garolostadius,
961 3243 1018 3319 oui
1051 3242 1150 3306 nobis
1200 3264 1330 3321 rerum,
1357 3246 1454 3330 quusi
1480 3244 1574 3311 Euan
1600 3243 1728 3312 eltoom.
1772 3245 1819 3312 At
1844 3245 1910 3311 bue
1938 3242 2057 3312 laudes
2078 3245 2181 3332 pluri·

169 3333 362 3418 imponebat
387 3328 483 3420 legoe
508 3329 682 3397 iudiciales
713 3329 824 3396 bloisi.
875 3328 929 3394 Da
961 3325 1015 3392 liis
1048 3327 1150 3394 rebus
1200 3350 1288 3396 mum
1316 3331 1440 3397 babent
1467 3266 1625 3416 periculi,
1651 3333 1845 3418 praesertim
1881 3352 1957 3399 carn
1984 3329 2086 3420 longe
2114 3334 2182 3399 dis·

170 3418 247 3485 ideo
284 3418 454 3502 copiosius
489 3419 697 3504 scripserant
731 3417 855 3496 nostri,
887 3414 964 3502 qaia
993 3410 1153 3499 blonacbi
1201 3417 1395 3482 sentiente
1421 3419 1608 3501 scripturis.
1658 3417 1832 3504 Scriptura
1864 3418 1951 3484 enim
1984 3439 2054 3484 non
2084 3439 2183 3506 prae·

170 3502 293 3572 multas
320 3506 529 3589 perniciosas
558 3496 733 3590 opiniones
753 3513 951 3589 sparserunt
976 3501 1010 3564 in
1032 3496 1151 3565 Eccle-
1202 3502 1293 3587 cipit,
1315 3513 1350 3569 vt
1372 3523 1428 3568 res
1450 3505 1734 3583 sintconimunes,
1755 3505 1816 3569 sed
1838 3503 1895 3569 lex
1918 3501 2082 3590 decalogi,
2105 3526 2182 3572 cum
2253 3516 2258 3525 “

170 3591 268 3657 dem.
311 3588 528 3657 Vocaueruat
553 3590 701 3676 politiam
728 3586 982 3675 Euangelicata,
1005 3606 1151 3652 comaru-
1201 3588 1315 3675 inquit.
1360 3588 1436 3654 Non
1457 3587 1728 3667 sunamitides,
1759 3590 1904 3654 dominia
1934 3588 2125 3674 distinguit,
2147 3600 2182 3658 et

171 3678 305 3743 aionem
333 3696 462 3754 reram,
491 3677 644 3742 dixerunt
665 3696 742 3741 esse
763 3672 922 3753 consilia,
945 3690 1014 3737 nou
1036 3684 1151 3738 tenere
1201 3693 1298 3740 suum
1322 3695 1486 3761 quemque
1508 3688 1622 3740 tenere
1643 3676 1744 3740 iubet.
1790 3674 1894 3739 Plane
1920 3672 2053 3740 furebat
2078 3677 2180 3764 vaig-

170 3762 359 3848 proprium,
390 3782 459 3828 nou
491 3761 620 3828 vtotset.
663 3762 737 3827 llae
764 3761 938 3847 opiniones
965 3754 1064 3825 valde
1092 3759 1151 3822 ob·
1202 3756 1309 3839 lesus,
1336 3761 1392 3845 qui
1415 3763 1561 3845 negabat
1588 3757 1691 3824 licere
1712 3762 1944 3826 sacerdotibus
1966 3776 2082 3827 tenere
2104 3784 2180 3847 pro·

172 3856 311 3913 scurant
335 3845 553 3931 Euangeliou
579 3858 614 3912 ct
634 3865 774 3932 regnum
795 3841 982 3932 spirituale,
1011 3856 1045 3909 et
1072 3853 1152 3908 suut
1202 3846 1318 3930 prium.
1347 3846 1432 3911 Sunt
1452 3847 1598 3911 infinitae
1616 3845 1864 3929 disputaciones
1887 3849 1929 3911 de
1941 3848 2181 3928 contractibus,

171 3929 382 4019 periculosae
403 3935 506 3998 rebus
529 3931 681 4015 publicis.
726 3932 811 3997 Nam
838 3925 1056 4015 Euangelium
1081 3949 1152 3994 non
1203 3930 1245 3995 de
1272 3929 1393 4015 quibus
1420 3951 1590 4017 nunquam
1616 3933 1699 3995 satis
1726 3930 1798 3997 fleri
1831 3934 1929 3998 bonis
1963 3934 2181 4017 conscientijs

172 4017 312 4101 dissipat
332 4015 479 4100 politiam
501 4032 559 4083 aut
572 4017 823 4096 Oeconomiem,
844 4014 907 4080 sed
917 4012 1021 4079 multo
1043 4016 1150 4101 magis
1226 4030 1328 4095 otest,
1353 4017 1416 4084 nisi
1438 4019 1547 4082 sciant
1566 4016 1656 4082 banc
1683 4014 1849 4104 regulam,
1878 4019 1967 4104 qaod
1990 4015 2180 4085 Christiano

170 4105 349 4188 approbat,
371 4114 404 4170 et
423 4124 491 4169 non
513 4102 622 4170 solum
633 4115 770 4189 propter
790 4120 946 4188 poenam,
968 4101 1031 4166 sed
1053 4099 1150 4166 etiam
1202 4036 1301 4167 liceat
1323 4105 1369 4168 vti
1392 4101 1546 4168 ciuilibus
1570 4102 1835 4171 ordinationibus
1856 4125 1899 4171 ac
1921 4102 2063 4191 legibus.
2087 4105 2181 4172 liaeo
2263 4122 2269 4133 ‘

171 4201 310 4277 propter
342 4191 581 4256 conscientium
618 4191 711 4256 iubet
739 4185 807 4254 illis
839 4205 959 4273 parere
992 4196 1150 4273 tauquam
1202 4186 1321 4274 regula
1350 4199 1461 4255 tuetur
1488 4191 1730 4263 conscientias.
1762 4211 1837 4254 cum
1860 4191 1961 4256 docet
1982 4205 2121 4255 eatenus
2143 4189 2182 4256 li·

171 4277 304 4342 diuinae
327 4276 534 4341 ordinationi.
1203 4275 1288 4338 citos
1322 4293 1401 4340 esse
1434 4287 1627 4341 contractus
1657 4296 1771 4341 coram
1800 4275 1892 4356 Deo,
1925 4288 2089 4363 quatenus
2119 4294 2182 4343 eos

257 4359 403 4429 lulianus
436 4363 623 4447 Apostata,
655 4357 779 4428 Celsus
811 4370 845 4424 et
876 4355 980 4442 plaari
1005 4377 1048 4424 ue
1080 4355 1151 4443 aiij,
1202 4360 1415 4446 magistratus
1438 4380 1500 4426 seu
1522 4357 1616 4447 leges
1638 4363 1835 4445 approbant.

171 4448 367 4515 obiecerant
386 4445 597 4527 Christianis,
619 4447 710 4533 quod
730 4442 950 4533 Euangelium
970 4377 1151 4530 ‹llssiperet
1288 4444 1351 4511 llic
1380 4459 1469 4512 totas
1502 4443 1599 4511 locas
1626 4467 1735 4512 rerum
1769 4446 1978 4532 politicarum
2007 4467 2028 4513 a
2056 4448 2182 4513 nostris

170 4532 396 4686 ppspubliples,
407 4536 495 4685 tquia
507 4534 699 4684 prohibtppet
710 4528 1049 4686 pippictanp,tepialitpE
1049 4549 1150 4681 2⁸1?ss
1200 4530 1246 4595 itu
1264 4529 1455 4681 patefactus
1482 4543 1552 4684 pslt',
1585 4544 1620 4598 vt
1645 4531 1778 4681 plprimi
1812 4536 1888 4637 bopi
1913 4534 2080 4683 viri,dpui
2110 4554 2181 4639 apr.

170 4632 760 4792 ..2¹¹..i.·.3:⁶..lt‘⁰t;.tt...t.t
776 4636 984 4789 bittit:
1017 4701 1149 4767 m...
1199 4637 1728 4791 ::”it,:.t.tt⁰..tt³.⁶.tt‚
1744 4631 2181 4792 ttitltbttsttti'l

170 4811 289 4857 aenum
322 4803 356 4857 et
387 4790 492 4871 allos,
525 4791 607 4857 Cum
637 4793 768 4878 quidem
800 4786 957 4856 facillime
989 4785 1149 4873 explicari
1199 4789 1411 4876 opinionibus
1433 4791 1546 4856 vexati
1567 4789 1730 4870 dubitant,
1746 4795 1819 4869 ¹⁰⁰)
1850 4788 1970 4858 Vtrum
1991 4789 2050 4860 illa
2071 4789 2181 4861 ciuilia

169 4878 312 4963 possint,
334 4881 362 4943 si
386 4880 532 4944 sciemus
551 4875 767 4963 Euangelium
791 4897 857 4940 non
880 4871 969 4939 ferre
989 4872 1085 4961 leges
1106 4875 1148 4938 de

169 4973 258 5028 statu
286 4961 399 5043 Ciuili,
426 4965 488 5028 sed
516 4981 592 5028 esse
618 4964 846 5030 remissionem
869 4971 1093 5046 peccatoram.
1116 4970 1149 5025 et

168 5048 413 5118 inchoationem
433 5050 523 5116 ritae
532 5059 689 5115 aeternae
709 5051 743 5115 in
762 5047 922 5113 cordibus
933 5047 1149 5125 credentium,
1200 5062 1248 5130 at)
1268 5062 1863 5132 urea.v.11ene.a-e=ttmn.qemto,
1895 5050 1902 5058 '

1200 5150 1248 5216 98)
1265 5148 1356 5200 Roma.
1375 5152 1433 5217 sip]
1451 5150 1500 5202 ltu.
1520 5151 1562 5201 ³.:
1581 5151 1715 5202 &munos
1732 5152 1898 5204 duodecimo.

801 5294 805 5300 .
1200 5235 1248 5299 libi
1265 5235 1361 5301 rideri]
1379 5235 1428 5287 Ed.
1445 5238 1487 5286 ³.:
1505 5238 1597 5287 ridere

169 5323 218 5392 ib)
235 5322 379 5392 legitimae]
399 5325 448 5377 lid.
468 5326 509 5376 4.=
528 5323 645 5390 legitime
1058 5331 1060 5335 ⁴
1200 5321 1265 5387 100)
1282 5319 1424 5389 dubitent]
1441 5321 1525 5373 liditt.
1544 5320 1636 5373 ΗΛ
1653 5321 1819 5385 dubitabunt.

1920 5420 1975 5476 ³7⁸
