4786 6210
250 422 316 490 315
700 416 814 484 PHIL.
836 418 941 485 MEL.
961 418 1150 485 scalena
1170 418 1438 485 nuenarius
1460 419 1517 485 ET
1538 419 1810 488 statuentes.
2173 484 2177 495 ,
2196 417 2266 487 316
2325 467 2328 471 ψ

250 634 342 686 rum,
370 610 414 675 Et
465 610 592 673 numnis
621 609 799 672 abutantur
823 606 974 671 homines
1004 606 1084 684 seri,
1118 619 1229 670 tamen
1253 601 1347 671 'non
1370 614 1446 671 sumt
1469 608 1591 671 tradita
1612 607 1646 671 in
1663 604 1782 694 regula
1802 608 2011 694 Euangelica
2024 612 2080 687 ²⁴)
2102 607 2263 693 professa

251 700 359 784 magis
382 632 612 760 cstdrabcnda
633 693 718 756 ratio
740 689 917 756 Ecclesiae
935 702 968 755 et
994 693 1134 775 piorum.
1178 689 1229 755 lta
1278 694 1321 757 ab
1345 694 1498 756 omnibus
1521 692 1732 771 Christianis,
1753 713 1852 839 paam
1873 694 2000 758 habent
2026 693 2178 759 Abbates
2206 716 2263 762 su·

250 781 410 848 iudicauit
432 779 631 856 ettGersom
655 798 730 842 cum
752 778 809 855 ait,
833 776 925 840 Etsi
954 787 1163 858 contemptus
1186 795 1230 839 ex
1280 797 1340 862 per
1362 774 1530 863 religiosis
1552 778 1624 842 suis
1646 779 1690 843 ad
1716 779 1760 842 cb
1775 780 1931 863 igandum
1959 798 2020 844 eos
2046 791 2181 863 practer
2207 801 2263 847 re·

249 866 316 932 hac
338 864 505 930 laxatione
530 865 618 946 apud
645 863 810 946 quosdam
836 863 1008 944 improbos
1036 865 1155 941 oritur,
1181 874 1230 925 ta·
1281 859 1431 947 gularem
1465 861 1709 947 professionem
1742 882 1847 928 suam.
1902 863 1956 927 De
1989 866 2109 948 quibus
2148 877 2264 931 tamen

249 972 327 1017 men
347 949 403 1033 alij
428 954 513 1015 bene
534 949 675 1013 instituti
698 949 824 1033 gratias
851 958 963 1031 agent.
1007 947 1083 1011 Nou
1109 948 1230 1011 desunt
1281 958 1333 1012 est
1351 949 1524 1015 sentencia
1552 949 1643 1012 beati
1672 946 1819 1013 Thomac
1847 960 1881 1013 et
1907 947 2048 1015 aliorum
2075 948 2265 1017 Doctorum

248 1034 480 1122 Magistratus,
508 1034 589 1117 (fol.
616 1033 689 1111 572)
721 1033 778 1117 qui
812 1031 906 1097 feros
939 1031 1119 1097 cohercere
1151 1052 1230 1117 pos·
1282 1034 1506 1111 concorditer,
1527 1034 1616 1118 quod
1638 1053 1705 1097 non
1727 1034 1967 1115 potestAbbas
1985 1036 2149 1100 monacho
2165 1056 2266 1120 prae·

250 1124 334 1200 sint,
350 1127 401 1200 ¹⁹)
432 1124 487 1188 vbi
520 1138 605 1201 opus
639 1119 711 1183 erit·
760 1116 804 1181 Et
835 1119 983 1202 prudens
1013 1119 1230 1182 concionator
1282 1120 1393 1203 cipere
1412 1115 1514 1195 aliud,
1536 1139 1636 1202 quam
1657 1119 1691 1181 in
1712 1118 1833 1203 regula
1854 1138 1918 1184 sua
1943 1117 2120 1204 professus
2147 1120 2262 1188 fuerit.

250 1228 318 1275 non
342 1206 451 1271 solum
473 1207 514 1270 dc
536 1203 701 1282 libertate,
723 1205 786 1267 sed
807 1204 849 1267 dc
873 1203 1032 1269 cauendis
1060 1199 1230 1267 scandalis
1367 1203 1612 1291 Respondimus
1634 1224 1696 1286 pro
1718 1216 1869 1288 ternpore
1890 1207 1934 1270 ad
1956 1218 2012 1285 eal,
2034 1226 2122 1292 quae
2148 1207 2265 1272 merni-

133 1308 139 1335 ¹'
251 1294 350 1359 etiam
373 1294 474 1369 dicet,
489 1294 543 1367 ²⁰)
566 1310 607 1354 ac
623 1292 676 1363 ¹²¹)
696 1286 821 1354 Penius
843 1286 931 1353 hanc
954 1308 1089 1353 causam
1119 1289 1230 1352 mode·
1281 1288 1406 1367 nimus,
1428 1309 1492 1352 nce
1513 1308 1709 1354 recusamus
1733 1289 1774 1357 de
1803 1289 1868 1353 hac
1894 1302 2012 1357 nestra
2040 1290 2265 1359 Confessione

250 1379 319 1443 rari
346 1376 446 1442 solet.
490 1374 609 1458 licque
642 1377 751 1437 nostri
776 1375 984 1457 pr·imum‘·‘'²)
1010 1386 1067 1439 aut
1095 1371 1160 1437 soli
1189 1374 1231 1437 de
1281 1375 1442 1439 rationem
1465 1375 1607 1439 reddere
1629 1376 1718 1438 omni
1739 1376 1902 1458 poscenti.

250 1463 318 1531 hoc
351 1462 496 1547 negocio
529 1461 792 1544 disputauerunt.
855 1459 1034 1543 Atqueii)
1068 1455 1123 1541 alij
1165 1455 1230 1522 alio
1369 1459 1468 1558 Quod
1500 1461 1529 1523 si
1563 1460 1761 1608 contigisset
1784 1462 1881 1526 nobis
1911 1463 2025 1527 videre
2047 1458 2261 1527 Confutacio·

250 1550 350 1614 modo
384 1550 426 1611 de
453 1546 518 1610 hac
545 1566 583 1608 re
617 1546 835 1628 scripserunt.
880 1545 1015 1610 Ger-son
1047 1563 1129 1609 vero
1162 1563 1230 1607 uon
1282 1565 1358 1609 nem
1375 1565 1505 1608 nomme
1528 1542 1643 1608 Caes⁸⁰
1685 1544 1753 1609 la¹¹³
1777 1544 1910 1610 Domini
1930 1547 2035 1611 nostri
2064 1545 2264 1613 Clementis·

251 1634 377 1698 dubitat
399 1634 447 1695 ita
469 1632 598 1707 dicere,
628 1629 704 1694 Non
737 1628 814 1714 plus
843 1628 967 1695 habent
1000 1633 1033 1694 in
1064 1639 1231 1712 potestate
1282 1632 1356 1694 simi
1379 1628 1591 1715 praelectam,
1605 1635 1659 1708 ²⁵)
1680 1632 1907 1714 potuissemus
1936 1634 1979 1698 ad
2002 1629 2164 1719 pleraque
2190 1654 2261 1699 ma·

250 1716 390 1803 praelati
413 1714 589 1782 Ecclesiae
618 1711 725 1801 ligare
745 1716 899 1782 subditus
923 1716 967 1780 ad
989 1713 1122 1801 aliqua,
1145 1733 1231 1799 quae
1283 1718 1335 1801 gis
1357 1718 1509 1800 apposite
1532 1718 1746 1799 respondere.

250 1888 459 1911 ..un——

253 2009 300 2074 19)
318 2008 437 2074 porsina]
457 2006 588 2058 Ouold.:
607 2014 724 2070 possunt,
1284 2006 1332 2070 22)
1351 2005 1442 2069 Neque
1465 2009 1548 2057 nostri
1571 2005 1692 2072 primum]
1716 2006 1761 2057 ins
1783 2022 1853 2059 voert
1874 2008 2061 2073 Spoletinus
2084 2009 2111 2058 iu
2135 2023 2178 2057 mc
2203 2025 2266 2076 opo·

252 2096 300 2160 20)
323 2092 412 2156 dicet]
430 2090 576 2157 &patruinus
593 2091 620 2139 ia
637 2107 680 2139 suo
695 2089 836 2157 apcpropbo
850 2092 959 2155 primum
976 2091 1124 2157 comptem:
1145 2090 1231 2151 docet,
1352 2073 1446 2140 ΨαΡῙΙΟ
1464 2072 1502 2125 ὸῖθ
1519 2078 1667 2143 imelda
1686 2075 1773 2127 dana
1789 2084 1870 2128 «ΨΜ
1882 2078 1968 2145 ΡΜ
1985 2077 2038 2128 ²⁰⁰⁰
2057 2093 2100 2129 Μ
2116 2076 2216 2130 Milli·

320 2159 661 2227 quoddeiudeemeudotum
679 2162 772 2211 estin:
792 2161 870 2221 dicet,
888 2159 1094 2210 nuntiationem
1112 2156 1230 2208 Onold.
1284 2195 1331 2261 23)
1350 2195 1386 2244 At
1405 2194 1449 2261 ue]
1468 2194 1513 2246 Ch
1542 2203 1571 2245 tr
1588 2210 1594 2224 ,
1611 2210 1672 2245 nm
1690 2200 1717 2245 et

321 2238 344 2279 et
363 2229 474 2293 Chytr.
494 2230 593 2293 lepitur.
1387 2210 1405 2257 q
1519 2211 1535 2260 Υ
1573 2230 1594 2248 “·

252 2315 300 2381 21)
317 2311 359 2381 ae]
378 2315 415 2363 uic
434 2329 515 2363 roceo
532 2312 674 2379 upoprcrpln'
691 2314 789 2382 Spolia.
809 2330 827 2361 a
843 2311 1067 2362 Melanthone
1086 2310 1173 2364 dende
1191 2313 1232 2363 de·
1284 2324 1331 2389 ⁶24)
1349 2321 1521 2388 Euangeliou]
1541 2320 1671 2376 onom:
1689 2323 1825 2389 Euangelij

321 2383 394 2433 letam
412 2382 540 2447 rependam
558 2398 610 2433 cese
626 2382 723 2442 iudico,
742 2383 1028 2435 Foerstemannus
1053 2396 1112 2430 vero
1130 2381 1233 2433 deletam

231 2472 234 2479 ·
323 2450 395 2514 repit:
416 2452 502 2514 qued;
523 2449 726 2499 Melanthea
741 2467 789 2515 pro
807 2466 866 2500 voce
889 2450 969 2501 deleto
986 2450 1013 2497 ia
1036 2452 1150 2514 morpine
1170 2453 1233 2501 scri-
1284 2451 1331 2520 25)
1350 2450 1519 2516 praelectam]
1537 2449 1696 2501 macerarem
1718 2450 1745 2498 in
1767 2449 1907 2517 apoproplre
1931 2450 2030 2518 Spolut.
2055 2453 2168 2502 ominem
2190 2452 2270 2503 Me·

318 2520 477 2636 pp'thpbppem
495 2518 669 2579 admodum,
693 2518 722 2567 id
743 2520 901 2584 quodetiam
923 2517 1044 2569 Oucld.
1070 2523 1094 2568 et
1116 2518 1231 2584 Chytr.
1254 2606 1260 2642 Ι
1355 2520 1680 2641 {mgsspmgm
1702 2517 1725 2568 b.
1750 2518 1766 2567 l.
1792 2519 1940 2585 adscripsit,
1964 2521 2080 2572 Onold.
2105 2528 2127 2573 a
2150 2521 2269 2586 Chytr.

1240 3381 1279 3446 B.

928 3516 1150 3581 archoum
1170 3515 1426 3582 GERMANIGA
1446 3517 1586 3582 Putea.

413 3727 500 3789 Hanc
518 3725 708 3807 Apolopium
725 3726 933 3805 permunicum
950 3726 1090 3804 priorem
1107 3745 1186 3785 nnuc
1204 3744 1243 3785 ex
1262 3724 1381 3786 Codice
1401 3724 1571 3785 Cerretano
1593 3725 1760 3786 secuudum
1778 3724 1952 3799 Editicnem
1973 3726 2268 3791 Foerstcmanni

256 3832 350 3895 supra
371 3834 400 3893 p.
422 3816 480 3874 net
502 3833 550 3892 sq.
574 3814 756 3873 recensitam
775 3812 875 3872 denuo
899 3810 974 3881 edo,
1000 3809 1155 3891 adscripta
1176 3812 1260 3871 varia
1284 3811 1434 3882 lectione,
1464 3832 1553 3891 quam
1582 3813 1611 3871 in
1640 3809 1793 3871 Editione
1811 3810 2045 3891 Coclestininna
2066 3832 2147 3873 anno
2173 3818 2269 3876 1597.

256 3919 367 3959 recuro
389 3904 496 3978 (supra
517 3918 545 3978 p.
566 3901 627 3959 265
646 3917 695 3977 sq.
722 3898 890 3976 descripta)
922 3897 1033 3957 iuveni.
1077 3893 1110 3955 ln
1138 3898 1385 3958 annotationibus
1418 3893 1565 3959 (iudicem
1596 3897 1797 3959 cassaturum
1824 3897 1919 3977 sigla:
1955 3897 2062 3970 Cora,
2092 3898 2268 3963 Editionem

260 3982 523 4045 Caelestiuinnum
541 3983 621 4062 sigla
640 3982 724 4044 Geel.
743 3982 931 4061 significabo.
1016 4041 1019 4048 ,

373 4121 377 4129 .
413 4068 597 4150 Priusquam
619 4076 720 4128 autem
739 4067 920 4148 Apologiem
939 4068 1037 4147 ipsam
1060 4066 1252 4138 exhibemus,
1272 4067 1351 4129 duae
1370 4069 1569 4148 quaestiones
1593 4070 1722 4129 breviter
1741 4067 1958 4129 dissolvendae
1977 4076 2066 4131 suutr

465 4200 498 4267 a)
517 4208 583 4249 cum
610 4206 743 4269 monam
774 4184 825 4244 vet
850 4184 1030 4266 puldrorum
1059 4186 1229 4249 Codict‘bas
1257 4187 1408 4248 latinae
1439 4187 1618 4266 Apolopr'ee
1638 4189 1761 4266 prioris
1778 4188 1856 4251 laoec
1876 4192 2057 4270 permanire
2073 4191 2268 4270 praesertim

507 4275 692 4341 consentiat,

464 4388 498 4466 b)
515 4382 670 4465 quornodo
688 4382 752 4443 dito
776 4380 911 4442 Codices
928 4382 1020 4443 huius
1037 4385 1227 4463 germaniae
1245 4381 1426 4463 Apologiae,
1445 4382 1512 4443 scil.
1533 4382 1719 4445 Canama
1736 4394 1768 4446 et
1796 4385 1876 4445 alter
1898 4405 1919 4445 o
1944 4382 2177 4448 Caelestino
2203 4387 2270 4448 edi·

506 4477 558 4532 ltu
578 4473 662 4530 inter
681 4488 714 4526 se
732 4467 887 4546 differunt.

415 4604 507 4678 Quod
529 4606 568 4665 ad
585 4607 725 4684 priorem
742 4606 951 4686 quaestionem
970 4604 1092 4674 attinet,
1111 4603 1297 4674 iudicamus,
1316 4607 1523 4684 permunicum
1544 4607 1733 4686 Apolopr'um
1746 4610 1886 4688 priorem
1914 4608 2092 4688 pracsertim
2124 4628 2193 4669 mun
2221 4606 2270 4671 Ia·

260 4693 328 4753 tina
353 4691 484 4753 cautas
503 4688 741 4771 Guelferbytanae·
763 4711 783 4750 a
800 4688 1049 4751 Melanthone
1065 4692 1233 4751 retractati
1250 4693 1432 4764 consentire,
1452 4712 1541 4773 quam
1562 4695 1743 4755 seutentiam
1762 4696 1923 4774 probamus
1942 4693 2031 4755 hisee
2047 4696 2252 4776 argumentisr

469 4817 495 4871 1.
524 4812 563 4869 iis
592 4809 687 4880 loeis,
711 4811 763 4870 uhi
790 4808 1061 4872 Melanthonis
1094 4812 1280 4874 retractatio
1305 4814 1428 4889 primae
1455 4811 1678 4873 delineatiom‘r
1706 4815 1735 4873 in
1760 4813 1934 4894 apographo
1964 4812 2168 4895 Spoletini
2198 4834 2270 4876 con·

508 4903 610 4956 tentae
631 4896 766 4975 inprimis
785 4898 952 4977 conspicua
974 4903 1038 4967 est,
1061 4896 1232 4957 cuiusmodi
1250 4914 1343 4976 supra
1364 4916 1394 4976 p.
1420 4901 1480 4960 279
1495 4901 1640 4969 -283.‚
1664 4902 1737 4961 286.
1760 4907 1832 4960 uota
1854 4904 1920 4969 44„
1948 4902 2007 4962 287
2035 4920 2085 4980 sq.
2112 4898 2268 4984 leguntur,

509 4999 641 5060 german.
661 4981 814 5063 Apologia
830 5002 890 5044 nen
907 4984 1002 5043 verba
1018 4982 1131 5061 primae
1150 4981 1374 5053 delineatiouis,
1392 4985 1451 5044 sed
1468 4985 1688 5046 retractationis
1706 4986 1806 5047 reddit
1816 4985 1911 5065 (conl.
1924 4985 1998 5047 inira
2009 5007 2039 5068 p.
2054 4988 2116 5047 324
2128 4991 2220 5066 squ).
2233 4988 2270 5065 ⁶)

365 5233 393 5301 ·)
410 5237 540 5291 invenitur
556 5242 643 5293 autern
662 5239 747 5302 locus,
766 5238 810 5291 ubl
827 5238 872 5290 hd.
891 5238 1034 5291 coelest
1052 5250 1110 5291 com
1119 5238 1202 5301 prinu
1213 5240 1385 5293 delineatione
1394 5241 1533 5304 apotomae
1543 5242 1660 5305 congruit
1668 5241 1805 5295 onhstoue
1818 5254 1925 5297 vocum:
1939 5253 1996 5295 non
2006 5243 2196 5305 oaommlttet
2205 5242 2267 5309 red,
2284 5224 2293 5235 ⁵

416 5318 481 5370 quas
498 5308 684 5362 Melanthea
709 5307 815 5360 demun
836 5307 863 5359 tn
880 5309 1062 5361 nuunauone
1080 5307 1194 5373 adddit,
1211 5309 1271 5363 vide
1288 5309 1357 5362 lutra
1374 5322 1400 5375 p.
1418 5310 1478 5361 332.
1496 5310 1609 5376 primurn
1626 5311 1755 5365 secundm
1773 5313 1904 5366 centuriae
1923 5312 2130 5376 muonttonenr,
2155 5324 2221 5380 quae
2238 5313 2269 5367 tn
