4756 6194
111 344 179 412 sta
450 314 495 409 'n
538 339 769 411 aromata
793 341 1116 411 conanssmms
1136 338 1455 412 ancusrnnan.
1498 338 1539 407 a.
1587 338 1780 412 sareas.
2062 343 2132 414 am

112 533 215 619 Atqui
236 550 301 596 nos
322 542 458 617 oportet
475 527 1091 617 retinereEuangaliumetdoctrinarn
1144 524 1342 607 clausulam,
1365 549 1427 614 per
1448 526 1620 594 Christum
1638 526 1818 597 Dominum
1838 543 1999 598 nostrum.
2044 532 2127 599 ideo

113 620 156 684 de
165 618 387 702 prqmissione
397 628 536 702 propter
547 616 717 683 Christum
729 618 865 681 donata.
899 616 978 680 Non
991 619 1091 700 igitur
1143 611 1373 679 concludimus
1396 615 1486 699 quod
1508 612 1575 680 fide
1595 614 1823 689 iustiticemur,
1845 636 1959 681 coram
1978 616 2053 683 Deo
2074 639 2125 703 re·

110 702 280 791 litigamus
301 705 335 767 in
356 704 423 768 hoc
444 701 523 767 loco
545 704 588 768 de
608 723 713 787 parua
730 723 767 768 re
780 701 1088 786 cumaduersarijs,
1142 697 1358 766 conciliemur
1381 699 1473 777 Deo,
1501 713 1533 766 et
1554 719 1809 786 regeneremur,
1835 722 1920 787 quae
1947 704 1982 766 in
2008 705 2124 787 poeni·

111 791 189 855 Non
211 790 400 875 quaerimus
423 790 558 852 ociosas
582 786 795 859 subtilitates,
819 807 894 851 cum
913 785 1090 872 repreheu·
1143 786 1246 849 tentia
1273 784 1493 870 apprehendit
1518 787 1775 869 promissionem
1805 789 1950 874 gratiae,
1980 799 2015 852 et
2043 809 2126 857 vere
2231 840 2234 847 .

112 877 220 942 dimus
249 895 330 953 eos,
364 875 454 959 quod
485 874 607 939 docent
639 875 740 939 vitam
770 883 940 937 aeternam
971 874 1090 938 mereri
1143 870 1289 935 viuilicat
1309 873 1515 954 perterritam
1538 882 1691 950 mentem,
1715 894 1756 939 ac
1775 874 1903 950 statuit,
1924 871 2124 958 quodlleus

111 963 272 1046 operibus
294 960 420 1023 omissa
441 960 506 1024 hac
529 957 595 1023 fide
617 979 703 1044 quae
726 956 946 1044 apprehendit
967 959 1089 1022 media·
1142 956 1188 1019 sit
1215 957 1313 1020 nobis
1343 954 1496 1041 placatus
1523 978 1565 1023 ac
1592 958 1761 1042 propicius
1782 971 1921 1044 propter
1943 958 2122 1028 Christum.

111 1061 219 1114 torem
242 1045 422 1109 Christum.
466 1045 552 1109 Nam
584 1045 626 1109 de
658 1043 723 1108 hac
755 1042 841 1122 fide,
874 1063 961 1128 quaa
983 1044 1091 1108 credit
1142 1040 1185 1105 llt
1206 1042 1272 1107 hac
1294 1041 1378 1120 fide,
1399 1043 1445 1107 ait
1467 1043 1606 1122 Petrus,
1634 1062 1698 1107 nos
1721 1046 1880 1111 custodiri
1902 1044 1945 1109 ad
1968 1040 2122 1124 salutem,

113 1134 212 1198 nobis
245 1128 378 1199 Patrem
434 1131 595 1215 ropicium
629 1149 708 1195 esse
738 1140 876 1214 propter
909 1128 1089 1208 Christum,
1143 1145 1229 1211 quae
1256 1127 1472 1193 reuelabitur.
1517 1128 1622 1193 Huius
1649 1127 1726 1193 fidei
1756 1131 1902 1217 cognitio
1925 1128 2122 1196 Christianis

111 1215 203 1283 nulla
225 1218 313 1301 apud
335 1152 560 1281 scholasticos
583 1213 717 1300 syllaba
739 1225 842 1293 extat,
867 1214 999 1300 Vbiqne
1016 1235 1090 1278 sen·
1142 1214 1337 1278 necessaria
1358 1225 1428 1292 est,
1459 1225 1492 1281 et
1514 1214 1712 1280 vberrimam
1735 1214 1832 1280 allert
1855 1215 2121 1283 consolationem

111 1302 195 1368 tiunt
216 1302 304 1387 quod
323 1302 427 1367 simus
445 1301 585 1384 accepti,
609 1302 685 1365 iusti
697 1313 835 1386 propter
846 1321 950 1385 opera
961 1312 1088 1380 nostra,
1140 1298 1174 1362 in
1197 1298 1349 1363 omnibns
1372 1298 1622 1376 afflictionibus,
1644 1299 1687 1364 Et
1708 1297 1855 1367 officium
1873 1300 2000 1368 Christi
2022 1304 2122 1367 nobis

110 1387 166 1456 vel
190 1409 232 1453 ex
253 1387 383 1453 ratione
404 1386 506 1466 lacta,
526 1383 582 1451 rel
605 1398 697 1451 certa
720 1384 809 1451 lacta
828 1384 1010 1451 inclinante
1029 1382 1088 1449 illa
1140 1385 1303 1464 ostendit,
1329 1387 1407 1469 qnia
1434 1386 1489 1449 isti
1516 1386 1574 1472 qui
1595 1396 1721 1473 negant
1741 1384 1894 1453 homines
1916 1387 1984 1452 fide
2004 1388 2122 1455 iustili-

111 1472 299 1551 dilectione,
323 1473 365 1537 de
387 1492 454 1558 qua
476 1473 601 1536 dicunt.
645 1472 688 1536 Et
709 1485 819 1537 tamen
842 1473 966 1536 habent
988 1491 1088 1557 quae·
1140 1470 1226 1555 cari,
1255 1482 1380 1554 negant
1401 1469 1572 1537 Christum
1598 1473 1814 1539 mediatorem
1843 1492 1923 1539 esse
1945 1495 1986 1539 ac
2008 1476 2120 1559 propi·

112 1561 188 1625 dam
210 1560 311 1637 dicta,
333 1558 430 1642 quasi
452 1555 734 1643 apophthegmata
755 1569 906 1622 veterum
922 1568 1088 1635 autorum,
1142 1556 1313 1633 tiatorem,
1338 1568 1465 1643 negant
1483 1557 1739 1642 promissionem
1762 1560 1891 1643 gratiae
1912 1571 1945 1623 et
1965 1557 2121 1646 Euange·
2163 1633 2169 1647 Ι

110 1666 198 1732 quae
219 1645 405 1726 depranam
424 1644 683 1728 interpretando.
734 1645 880 1709 lactatur
901 1645 935 1707 in
958 1640 1087 1709 scholis
1138 1637 1229 1706 lium.
1259 1639 1413 1709 ‹Tantum
1435 1645 1558 1709 docent
1579 1655 1637 1708 aut
1663 1645 1848 1709 doctrinam
1877 1646 2033 1724 rationis,
2061 1657 2121 1713 aut

111 1731 203 1818 quod
222 1732 311 1795 bona
328 1749 431 1814 opera
439 1726 598 1813 placeant
607 1740 745 1813 propter
756 1730 909 1816 gratiam,
932 1727 975 1792 Et
996 1728 1087 1814 quod
1140 1723 1237 1812 legis,
1258 1728 1301 1793 de
1322 1729 1566 1794 iustificatione.
1612 1729 1686 1794 Nos
1708 1740 1866 1813 quantum
1887 1729 1942 1794 hic
1964 1730 2035 1795 lieri
2056 1750 2119 1817 po·

111 1818 155 1882 sit
189 1815 422 1881 confidendum
454 1816 583 1902 gratiae
610 1814 687 1879 Dei.
737 1816 801 1880 llic
829 1816 1088 1900 interpretantur
1139 1813 1214 1892 tuit,
1237 1815 1442 1879 ostendimus
1454 1812 1565 1879 sontes
1577 1814 1674 1880 huius
1687 1834 1822 1894 causae,
1842 1829 1876 1881 et
1899 1817 2117 1901 exposuimus

112 1903 254 1989 gratiam
280 1901 429 1966 habitum
456 1920 523 1985 quo
553 1921 617 1965 nos
646 1897 812 1986 diligimus
835 1899 961 1976 Deum,
990 1900 1088 1984 quasi
1139 1918 1196 1976 ea,
1220 1918 1306 1984 quae
1328 1899 1513 1985 aduersarij
1537 1899 1714 1985 obijcinnt,
1745 1899 1840 1973 Quae
1862 1902 1994 1988 quidem
2017 1899 2119 1970 facile

109 2008 191 2053 vero
212 1984 378 2054 voluerint
400 1987 513 2051 dicere
532 1998 677 2065 veteres,
701 1988 791 2071 quod
812 1986 995 2051 debeamus
1007 2007 1087 2051 con·
1139 1983 1367 2070 dijudicabunt
1386 1987 1464 2051 boni
1475 1987 1549 2064 viri,
1572 1988 1601 2050 si
1625 1986 1819 2072 cogitabunt
1841 1989 1973 2073 quoties
1995 1989 2118 2056 citatur

108 2072 214 2139 fidere
224 2084 341 2138 nostra
352 2069 540 2152 dilectione,
561 2091 650 2159 quae
665 2093 766 2158 quam
776 2073 822 2137 sit
832 2073 884 2136 exi
932 2092 964 2149 a,
988 2092 1087 2156 quam
1138 2068 1234 2134 locus
1258 2071 1300 2135 dc
1321 2067 1517 2151 dilectione,
1539 2082 1596 2138 aat
1619 2091 1639 2135 o
1664 2073 1794 2151 eribus,
1822 2070 1932 2158 legem
1953 2093 2020 2139 non
2044 2073 2119 2141 lieri

108 2160 153 2223 sit
163 2160 342 2235 immunda,
354 2171 445 2223 certe
457 2160 654 2243 experimur.
683 2158 881 2243 Quanquam
915 2160 1087 2223 oemirum
1138 2158 1211 2220 sine
1233 2153 1384 2237 Christo,
1413 2177 1477 2223 nec
1498 2176 1562 2221 nos
1584 2095 1828 2246 exlege,·sed
1851 2179 1893 2223 ex
1914 2158 2116 2245 Euangelio,

108 2255 173 2323 est,
195 2244 362 2330 quomodo
386 2243 440 2308 isti
462 2245 597 2309 iubeant
614 2242 784 2309 confidere
796 2241 984 2328 dilectione,
1007 2263 1084 2309 eum
1136 2239 1204 2307 hoc
1226 2254 1291 2320 est,
1311 2243 1533 2327 promissione
1555 2245 1693 2329 gratiae,
1716 2244 1749 2308 in
1768 2243 1903 2310 Christo
1926 2246 2118 2329 promissae

108 2330 269 2409 doceant,
303 2331 427 2395 nesciri
453 2340 562 2395 vtrum
589 2332 689 2408 assit,
722 2329 793 2396 Cur
818 2350 887 2393 non
915 2340 1086 2414 exponunt
1136 2327 1319 2399 iustificari.
1376 2328 1419 2393 Et
1452 2348 1627 2414 speramus
1656 2329 1763 2406 hanc,
1799 2332 1951 2414 quamuis
1981 2332 2117 2397 breuem

108 2418 265 2503 gratiam,
293 2415 557 2481 misericordiam
578 2414 644 2480 Dei
666 2436 749 2503 erga
770 2434 844 2480 nos.
888 2413 931 2480 Et
954 2415 1085 2500 quoties
1137 2414 1414 2497 disputacionem,
1434 2415 1533 2480 bonis
1555 2417 1636 2479 viris
1657 2418 1702 2480 ad
1724 2415 1986 2481 confirmandam
2007 2417 2117 2497 tidem,

107 2503 230 2572 mentio
253 2503 351 2567 huius
375 2500 424 2579 fit,
444 2502 569 2565 addere
581 2504 758 2586 oportebat
767 2500 878 2566 iidem.
910 2500 987 2565 Non
998 2500 1086 2565 enim
1135 2499 1181 2563 ad
1202 2500 1388 2565 docendam
1412 2510 1446 2565 et
1468 2497 1709 2566 consolandam
1731 2501 1981 2577 conscientiam,
2003 2500 2118 2569 vtilem

107 2588 369 2674 apprehenditur
389 2576 462 2650 nisi
475 2585 541 2652 fide
555 2589 739 2693 promissio
749 2586 1011 2665 misericordiae,
1032 2606 1085 2652 re·
1135 2582 1281 2650 futuram
1303 2590 1393 2650 es'se.
1433 2585 1566 2653 Scimus
1589 2586 1677 2652 enim
1699 2606 1741 2652 ea
1762 2607 1849 2670 quae
1872 2587 2014 2652 diximus
2036 2608 2117 2653 con·

109 2671 368 2752 conciliationis,
398 2669 585 2737 dilectionis
614 2673 679 2741 Dei
704 2693 788 2759 erga
815 2691 889 2736 nos.
935 2672 971 2736 ln
997 2671 1085 2738 hanc
1137 2682 1301 2736 sentanea
1323 2690 1400 2736 esse
1422 2672 1488 2743 scri
1514 2674 1597 2736 turis
1617 2670 1826 2757 Propheticis
1845 2685 1880 2738 et
1897 2671 2117 2757 apostolicis,

106 2760 304 2825 sententiam
325 2768 418 2823 recte
440 2759 600 2837 dicerent,
624 2759 856 2825 confidendum
874 2760 1083 2843 essegratia,
1136 2757 1263 2823 sanctis
1284 2755 1453 2836 Patribus,
1508 2758 1670 2835 mbrcsio,
1689 2757 1899 2843 Augustino,
1923 2771 1959 2824 et
1976 2757 2117 2843 plaeris·

106 2843 243 2931 placere
254 2846 344 2909 bona
354 2863 458 2928 opera
492 2855 604 2930 ropter
625 2846 879 2932 gratiam-cum
900 2841 985 2908 lides
1049 2862 1092 2908 a·'
1136 2860 1202 2928 qne
1218 2838 1307 2928 alijs,
1331 2853 1366 2907 et
1381 2843 1558 2908 vniuersae
1568 2839 1745 2909 Ecclesiae
1756 2840 1895 2923 Christi,
1916 2864 2003 2930 quae
2025 2856 2118 2910 certe

105 2931 186 2996 tiam
207 2930 434 3016 apprehendit.
506 2940 616 2996 utatur
638 2943 671 2995 et
692 2931 759 2997 hoc
778 2931 813 2995 in
830 2926 1013 2995 scholisva
1027 2948 1085 2995 ere
1135 2925 1491 2999 confitetur-Christum
1501 2947 1581 2995 esse
1601 2929 1873 3013 propiciatorem,
1896 2940 1930 2994 et
1953 2929 2115 2995 iustifica-

106 3018 198 3082 bona
219 3037 324 3100 opera
343 3027 461 3081 nostre
481 3016 602 3082 virtute
619 3016 791 3101 passionis
808 3012 943 3081 Christi.
977 3014 1084 3083 Recte
1133 3026 1253 3079 torem.
1295 3013 1370 3078 Nec
1395 3014 1508 3081 statim
1536 3015 1742 3081 censendum
1769 3025 1822 3081 est
1843 3014 2028 3081 Romanam
2050 3015 2115 3081 Ec·

105 3103 243 3183 dicitur,
275 3100 344 3167 Sed
378 3121 438 3168 cur
468 3121 539 3166 non
569 3103 696 3168 addunt
725 3102 768 3166 de
797 3100 874 3166 fide.
928 3098 1085 3168 Christus
1135 3097 1274 3165 clasiam
1304 3100 1448 3178 sentire,
1482 3101 1641 3185 quidquid
1673 3098 1784 3185 Papa,
1816 3112 1874 3167 aut
1906 3098 2116 3181 Cardinales,

105 3188 194 3254 enim
206 3199 259 3255 est
269 3188 476 3272 propiciatio,
498 3196 536 3251 vt
556 3186 684 3252 Pardus
704 3186 762 3266 ait,
783 3206 845 3272 per
865 3183 977 3264 iidem,
999 3185 1084 3252 Cum
1134 3196 1194 3253 aut
1219 3183 1394 3336 Episcopi,
1426 3196 1485 3251 aut
1513 3184 1677 3272 Theologl
1710 3186 1845 3272 quidam
1872 3197 1931 3253 aut
1956 3184 2123 3253 Monachi·

104 3273 172 3339 lide
204 3274 377 3360 eriguntur
409 3274 551 3359 pauidae
584 3273 830 3350 conscientiae,
863 3280 897 3337 et
928 3271 1085 3337 sanciunt
1133 3272 1288 3356 probant.
1371 3282 1484 3336 onstat
1512 3272 1598 3340 enim
1626 3271 1845 3339 Pontificibus
1874 3272 1982 3361 magis
2013 3293 2117 3341 curae

103 3371 245 3446 peccata
266 3370 385 3425 nostra
406 3357 518 3424 deleta
540 3378 620 3426 esse
641 3369 749 3424 morte
771 3356 908 3437 Christi,
929 3356 1084 3431 atDeum
1135 3375 1213 3422 esse
1234 3357 1492 3423 dominationem
1514 3377 1611 3425 suam
1633 3379 1733 3445 quam
1743 3358 1838 3424 Euan
1865 3356 1964 3425 elium
1975 3357 2115 3439 Christi,

103 3444 204 3511 nobis
225 3443 478 3511 reconciliatum
499 3463 580 3509 esse
588 3455 728 3531 propter
737 3444 935 3528 passionem
946 3441 1083 3522 Christi,
1135 3442 1179 3507 Et
1199 3439 1402 3530 plaerosque
1426 3441 1816 3529 compertumestpalam
1855 3447 2116 3528 picureosesse,

103 3542 173 3596 tum
192 3551 275 3597 vero
297 3530 437 3616 prodest
454 3532 555 3597 nobis
577 3532 694 3617 passio
715 3530 849 3596 Christi.
896 3529 933 3594 Sl
956 3531 1085 3595 omitta-
1135 3526 1329 3615 Theologos
1350 3540 1485 3596 constat
1501 3527 1599 3614 plura
1609 3549 1654 3595 ex
1664 3528 1883 3613 Philosophia
1893 3528 2117 3597 admiscuisse

104 3627 163 3682 tur
181 3617 334 3683 doctrina
355 3617 398 3681 de
425 3615 509 3695 lide,
536 3611 664 3684 frustra
690 3616 811 3683 dicitur
836 3635 943 3701 opera
968 3613 1102 3681 valere·
1136 3615 1309 3680 doctrinae
1331 3613 1553 3692 Christianae,
1577 3636 1679 3699 quam
1699 3615 1785 3680 satis
1806 3626 1888 3681 erat.
1928 3615 2002 3682 Nec
2023 3626 2116 3683 auto·

104 3702 228 3769 virtute
248 3703 419 3788 passionis
442 3699 578 3770 Christi.
619 3702 662 3767 Et
680 3699 880 3787 plaerasque
901 3699 988 3767 alias
1010 3704 1084 3766 'sen-
1135 3702 1217 3765 ritas
1239 3699 1358 3764 horum
1380 3700 1486 3765 videri
1508 3701 1609 3764 debet
1630 3712 1737 3778 tanta,
1759 3712 1796 3764 vt
1808 3721 1973 3787 nusquam
1984 3703 2118 3769 dissert·
2151 3726 2157 3731 ·

104 3788 235 3853 sencias
258 3788 527 3871 corrumpuntin
551 3785 693 3868 scholis,
715 3800 895 3872 propterea
917 3789 1084 3871 quianon
1135 3787 1199 3851 tire
1228 3805 1252 3849 a
1283 3785 1563 3869 disputationibus
1596 3802 1711 3851 eorum
1747 3782 1865 3866 liceat,
1906 3807 1982 3853 cnm
2021 3786 2117 3854 multi

105 3872 242 3938 madunt
262 3872 426 3939 iusticiam
447 3873 542 3951 fidei,
569 3884 604 3938 et
625 3871 725 3938 fidem
746 3869 936 3958 intelligunt
956 3883 1085 3937 tantum
1135 3868 1303 3936 manifesti
1331 3888 1465 3934 errores
1492 3870 1582 3955 apud
1608 3889 1668 3936 eos
1758 3872 1922 3953 oriamur,
1956 3884 1993 3938 vt
2025 3876 2116 3960 quod

104 3958 261 4023 noticiam
283 3956 462 4035 historiae,
488 3977 550 4023 seu
572 3959 781 4044 dogmatum,
808 3976 878 4020 non
899 3953 1085 4041 intelligunt
1135 3958 1305 4043 possimus
1327 3975 1370 4020 ex
1391 3956 1485 4041 puris
1504 3954 1715 4023 naturalibus
1772 3977 1847 4024 eum
1873 3978 1975 4044 super
2003 3961 2115 4025 omnia

107 4041 196 4109 hanc
217 4044 371 4109 virtutem
391 4062 480 4123 esse,
501 4063 589 4129 quae
600 4042 818 4128 apprehendit
829 4043 1085 4127 promissionem
1139 4041 1288 4128 diligere.
1322 4040 1398 4106 Hoc
1420 4042 1543 4129 dogma
1564 4045 1694 4127 peperit
1715 4041 1801 4109 alios
1824 4064 1959 4110 errores
1979 4044 2116 4125 multos,

109 4128 237 4217 gratiae
259 4139 293 4194 et
312 4128 484 4208 iusticias,
536 4150 599 4196 uae
626 4129 774 4197 viuificat
798 4129 901 4195 corda
922 4128 957 4191 in
978 4138 1085 4192 terro·
1137 4149 1214 4196 cum
1236 4129 1280 4191 sit
1301 4124 1477 4193 manifeste
1497 4124 1630 4195 falsum.
1663 4126 1861 4196 Reclamant
1883 4132 1970 4196 enim
1991 4133 2115 4217 vbique

107 4216 200 4279 ribus
222 4214 355 4300 peccati
377 4225 410 4280 et
431 4226 560 4280 mortis.
595 4213 680 4282 Cum
690 4213 818 4281 Paulus
833 4215 951 4300 inquit,
973 4211 1084 4279 Corde
1136 4213 1333 4297 scripturae,
1355 4215 1464 4279 sancti
1476 4213 1608 4292 Patres,
1630 4226 1664 4282 et
1685 4217 1832 4281 omnium
1842 4216 1971 4301 piorum
1981 4217 2114 4283 iudicia.

108 4301 255 4366 creditur
268 4302 311 4365 ad
322 4301 496 4381 iusticiam,
518 4300 588 4366 Ora
610 4300 649 4366 iit
670 4298 840 4367 c'onlessio
862 4295 1084 4365 adsalutem.
1136 4298 1249 4383 ltaque
1272 4298 1403 4365 etiamsi
1423 4300 1457 4363 in
1479 4297 1637 4366 Ecclesia
1658 4300 1860 4378 Pontifices,
1882 4313 1941 4367 aut
1962 4299 2115 4369 nonnulli

107 4386 171 4452 Hic
192 4384 289 4451 lateri
311 4387 525 4455 aduersarios
549 4388 789 4469 existimamus,
809 4382 1084 4474 qnodconl'essio
1135 4382 1311 4470 Theologi,
1333 4405 1376 4451 ac
1397 4385 1555 4451 Monachi
1577 4386 1763 4453 docuerunt
1784 4388 2016 4453 remissionem
2038 4408 2116 4473 pec·

107 4491 151 4537 ax
174 4492 278 4557 opere
304 4485 445 4556 operato
473 4494 542 4539 non
565 4472 733 4555 iustificat
764 4484 823 4539 ant
852 4469 980 4550 sulcet,
1013 4471 1084 4537 Sed
1136 4481 1300 4551 catorum,
1320 4471 1460 4557 gratiam
1482 4481 1514 4535 et
1534 4472 1698 4538 iusticiam
1719 4491 1781 4556 per
1801 4485 1920 4539 nostra
1942 4493 2057 4558 opera,
2080 4485 2114 4540 et

106 4568 234 4624 tantum
256 4569 394 4643 propter
415 4557 512 4625 fidem
536 4561 666 4637 cordis,
692 4557 736 4623 Et
756 4555 884 4625 Paulus
906 4558 956 4621 sic
978 4553 1013 4619 lo
1035 4557 1084 4622 ui·
1134 4576 1244 4624 nouos
1273 4555 1384 4623 cultus
1410 4576 1589 4642 quaerere,
1617 4560 1674 4644 qui
1702 4560 1969 4626 obscuranerunt
1990 4558 2117 4626 Christi

106 4652 172 4721 tur,
194 4645 285 4728 quod
308 4640 479 4711 confessio
500 4642 622 4724 saluet,
643 4657 681 4711 rt
699 4646 856 4712 ostendat
877 4641 987 4730 qualis
998 4577 1083 4708 illes
1136 4638 1302 4722 officiam,
1324 4653 1358 4708 et
1379 4662 1421 4709 ex
1443 4640 1580 4708 Christo
1600 4664 1669 4709 non
1692 4644 1946 4730 propiciatorem
1968 4655 2003 4711 et
2024 4646 2114 4712 iusti·

45 4790 53 4812 ,
107 4742 332 4815 consequatur
353 4732 455 4797 vitam
477 4744 666 4812 aeternam,
692 4749 813 4814 nempe
839 4727 935 4794 lirma
957 4741 991 4793 et
1011 4726 1084 4795 elli·
1135 4731 1316 4800 iicatorem
1337 4729 1400 4794 sed
1421 4739 1548 4793 tantum
1568 4726 1798 4817 legislatorem
1809 4727 1971 4810 lecerunt,
1993 4734 2116 4799 mansit

107 4834 171 4881 eax
193 4814 289 4880 fides.
333 4814 413 4881 Non
434 4827 622 4884 astantem
647 4816 743 4883 firma
770 4816 873 4896 tides,
902 4834 989 4901 qnae
1014 4834 1083 4880 non
1134 4829 1246 4881 tamen
1267 4814 1357 4899 apud
1375 4811 1510 4900 aliquos
1538 4815 1614 4899 pios
1635 4835 1770 4901 semper
1793 4818 1939 4902 cognitio
1962 4815 2113 4884 Christti.

107 4902 254 4966 ostendit
291 4918 330 4966 se
367 4902 401 4966 in
441 4903 664 4970 confessione
732 4902 791 4968 Sic
826 4911 961 4967 caetera
993 4902 1083 4967 bona
1134 4900 1244 4967 Porro
1266 4902 1434 4986 scriptura
1454 4900 1618 4985 praedixit
1637 4896 1713 4966 lore
1732 4911 1768 4968 vt
1784 4903 1917 4969 iusticia
1935 4901 2026 4983 fidei,
2046 4902 2115 4970 hoe

107 5004 212 5052 cera
242 4983 378 5072 placent
406 5002 545 5074 propter
576 4988 692 5071 fidem,
725 4989 813 5055 sicut
845 4998 879 5052 et
913 4987 1083 5052 orationes
1134 4988 1235 5053 modo
1252 4989 1491 5053 obscuraretur
1506 5005 1569 5071 per
1585 4987 1780 5054 traditiones
1797 4989 1978 5069 humanas,
2000 5001 2034 5054 et
2054 4991 2113 5056 do·

138 5070 283 5137 eclesiae
310 5086 450 5159 rogant,
481 5086 519 5141 vt
550 5076 660 5141 omnia
688 5074 756 5139 sint
782 5083 921 5158 accepta
947 5082 1084 5157 propter
1135 5075 1274 5139 ctrinam
1295 5091 1445 5156 operum,
1468 5070 1563 5138 Sicut
1580 5071 1706 5139 Paulas
1727 5092 1831 5160 saepe
1853 5075 2012 5159 queritur,
2033 5085 2113 5141 tunc

91 5155 288 5241 Christum.
343 5160 429 5225 ltem
454 5172 571 5245 petunt
598 5163 709 5226 omnia
736 5171 874 5245 propter
904 5155 1083 5224 Christum.
1135 5179 1270 5246 quoque
1290 5154 1406 5235 fnisse,
1429 5158 1486 5244 qui
1506 5178 1569 5244 pro
1590 5159 1722 5225 iusticia
1744 5158 1841 5238 fidei,
1863 5162 2031 5227 docebant
2051 5159 2112 5225 ho·

107 5240 249 5310 Constat
271 5243 358 5310 enim
379 5264 513 5332 semper
532 5248 568 5311 in
589 5244 656 5312 line
665 5247 895 5331 precationum
904 5244 985 5311 addi
996 5243 1085 5311 hanc
1135 5248 1242 5313 mines
1263 5262 1453 5329 peropaca
1478 5244 1615 5330 propria
1641 5257 1675 5312 et
1700 5246 1857 5332 proprios
1886 5243 2017 5328 cultus,
2043 5265 2113 5312 non

311 5378 462 5427 uum
474 5381 558 5427 ΟΡΙΙ.
570 5380 636 5427 '01-
647 5380 741 5428 m
1872 5367 1906 5416 33
