4756 6194
185 386 254 457 U
537 385 578 456 ll.
622 384 857 455 eroeoets
879 383 1196 455 conrrsstonts
1216 384 1536 457 annuerem.
1579 386 1633 479 ll.=
1663 385 1856 454 AL'I'ERA.
2136 388 2205 457 59⁰

188 577 355 643 eaoamn
375 585 542 656 nostram,
562 585 632 654 sut,
653 588 689 640 rt
711 575 851 639 maxime
861 571 1059 664 intelligant,
1080 576 1171 661 quod
1222 571 1345 654 lilium,
1379 576 1467 642 sicut
1492 572 1716 641 honorificant
1744 573 1888 640 Patrem.
1941 575 1985 641 Et
2012 574 2137 643 Peulus
2160 579 2202 646 .l.

186 660 283 730 Deus
312 681 386 728 earn
414 663 589 746 approbet.
634 659 747 734 Quare
775 661 959 748 aduersarij
982 683 1049 728 ncn
1072 663 1171 726 debe·
1221 658 1399 726 Thessalo.
1422 662 1458 745 ij.
1494 681 1594 727 orans
1629 661 1750 746 inquit,
1790 666 1865 746 lpse
1896 672 2007 728 eutem
2039 661 2203 730 Dominus

187 749 270 815 bent
292 769 356 814 uos
377 748 421 813 ed
444 767 513 811 rem
531 748 691 812 incertam
713 766 848 831 cogere,
871 747 947 830 quia
969 748 1075 812 oratio
1098 748 1172 812 sine
1222 754 1339 812 noster
1358 746 1453 812 lesus
1475 745 1631 813 Christus
1653 760 1688 812 et
1708 745 1815 826 Deus,
1836 758 1869 813 ct
1885 756 2125 832 paternoster,
2148 770 2203 816 es·

187 834 255 900 fide
275 855 343 899 non
366 845 418 898 est
441 834 557 898 oratio.
601 831 687 897 Nam
713 832 803 916 quod
825 829 974 918 allegant
996 830 1171 898 Ecclesiae
1222 831 1374 897 hortetur
1403 835 1509 899 corda
1538 847 1670 912 restra,
1702 845 1735 899 et
1760 832 1936 899 confirmet
1963 855 2027 899 vos
2049 847 2113 899 etc.
2156 837 2204 903 At

187 917 387 1006 exemplum,
409 928 543 983 constm
563 936 686 983 nouum
707 915 799 982 burto
819 918 853 982 in
871 916 1026 984 Ecclesia
1046 938 1171 984 morem
1222 918 1264 983 de
1286 931 1477 984 sanctorum
1498 920 1710 985 inuocatione
1736 920 1826 1005 quud
1855 931 1997 1004 possunt
2018 920 2202 1004 aduersarii

187 1027 283 1078 esse,
315 1005 401 1070 Nam
434 1015 568 1069 veteres
590 1006 760 1069 orationes
787 1004 850 1067 etsi
875 1006 1073 1070 mentionem
1095 1025 1171 1069 san·
1221 1016 1448 1088 praeceptum,
1470 1006 1561 1089 quod
1583 1005 1769 1090 exemplum
1792 1024 1834 1069 ex
1857 1007 2039 1090 Scripturis
2061 1006 2205 1072 elierre‘l

187 1087 466 1166 otoruutlaoiunt,
487 1109 556 1153 non
573 1101 683 1154 temen
700 1091 858 1154 inuocant
871 1091 1028 1156 Sanctus.
1062 1089 1171 1164 Quan-
1221 1088 1376 1155 Alterum
1410 1101 1462 1155 est
1493 1090 1528 1154 ln
1560 1092 1800 1174 propiciatore,
1838 1092 1928 1177 quod
1961 1093 2077 1158 merita
2098 1093 2203 1177 ipsius

184 1173 795 1330 thiethllth‘tttlhtlt
814 1176 847 1240 ⁵¹¹
867 1173 1043 1255 2⁰⁰¹“l’
1075 1176 1171 1241 ‘¹¹⁸³‘
1221 1177 1500 1327 lisinii
1520 1189 1739 1327 bittit
1757 1172 2205 1343 ‘lit⁸.⁸¹‘*⁹.l⁰⁶t⁰t.¹¹¹223

271 1346 401 1413 Deinde
427 1346 611 1432 aduersarij
640 1282 707 1411 rgrou
739 1343 848 1411 solum
871 1347 1113 1412 inuocationem
1136 1347 1188 1411 in·
1222 1283 1378 1432 tanlquam
1410 1284 1713 1432 proprijspmsritis
1746 1349 1823 1413 iusti
1855 1286 2067 1433 re’putenlhr,
2106 1310 2143 1415 rl
2174 1352 2204 1417 si

185 1431 278 1500 cultu
300 1444 494 1498 sauctorum
515 1433 697 1518 requirnnt,
720 1432 780 1496 sed
803 1433 900 1496 etiam
917 1431 1084 1518 applicant
1103 1451 1168 1496 me·
1221 1434 1296 1518 quis
1317 1432 1445 1498 amicus
1467 1454 1530 1519 pro
1551 1435 1658 1498 amico
1681 1431 1784 1499 soluit
1805 1454 1864 1499 aes
1886 1431 2049 1514 alienum,
2072 1437 2203 1502 debitor

185 1522 250 1586 rita
271 1530 462 1585 sanctorum
483 1536 547 1601 pro
567 1514 658 1600 alijs,
680 1529 712 1582 et
735 1513 920 1583 faciuntea
950 1519 1079 1584 sanctis
1100 1538 1168 1584 non
1219 1517 1329 1583 alieno
1362 1520 1480 1585 merito
1506 1531 1662 1605 tunquam
1695 1519 1832 1605 proprio
1864 1515 2034 1586 liberatur.
2050 1524 2104 1599 ¹²⁵)
2152 1521 2203 1588 lta

185 1603 297 1672 solum
326 1605 583 1686 deprecatores,
612 1604 675 1669 sed
705 1605 803 1668 etiam
831 1603 1085 1688 propiciatores.
1132 1604 1167 1670 ld
1221 1603 1345 1669 Christi
1372 1605 1488 1669 merita
1513 1607 1612 1670 nobis
1639 1606 1821 1684 donantur,
1850 1618 1886 1669 rt
1911 1606 1990 1671 iusti
2012 1621 2203 1692 reputemur

183 1688 280 1757 nullo
301 1690 402 1755 modo
424 1684 596 1755 ferendum
618 1701 680 1754 est·
714 1688 800 1755 Num
821 1687 877 1754 hic
897 1710 1037 1773 prorsus
1059 1703 1168 1757 mans·
1221 1690 1341 1755 fiducia
1370 1691 1560 1756 meritorum
1589 1689 1730 1770 Christi,
1763 1712 1838 1756 cum
1865 1693 1898 1756 in
1927 1710 2001 1756 eum
2023 1693 2203 1775 credimus,

184 1772 289 1842 fertur
310 1776 343 1840 iu
366 1786 504 1840 sanotm
532 1776 688 1860 proprius
716 1774 826 1840 honor
849 1773 983 1841 Christi.
1028 1775 1168 1841 Faciunt
1219 1787 1376 1861 tunquam
1397 1778 1533 1861 proprie
1555 1779 1670 1842 merita
1692 1777 1902 1842 haberemus.

183 1863 271 1928 enim
304 1880 365 1965 eos
398 1860 620 1965 mediatores,
653 1871 687 1926 et
718 1862 975 1967 propiciatores,
1008 1874 1043 1926 et
1063 1848 1196 1965 quan-l
1277 1860 1349 1965 ,Et
1376 1880 1418 1926 ex
1440 1875 1598 1966 utroque,
1621 1883 1739 1946 nempe
1761 1883 1803 1927 ex
1824 1863 2066 1966 promissione,
2089 1874 2123 1928 et
2144 1865 2202 1930 do·

141 2107 145 2113 ,
184 1946 898 2118 titt..itithl'tidtpttltiltlt.
916 1957 1167 2118 hiltibert
1188 1976 1196 2072 t
1218 1946 2203 2117 lti2”t..'2t“{tlle.⁰dt⁰ttil.¹¹.5¹t..⁰t‘⁶t¹.⁰t{.ltt

184 2140 227 2186 ex
255 2119 382 2184 sanctis
410 2119 610 2185 mediatores
638 2119 885 2203 redemptionis.
930 2118 1042 2204 Atque
1069 2121 1167 2184 etiarn
1219 2117 1342 2186 Christi
1366 2119 1465 2183 debet
1493 2118 1605 2185 alierri
1626 2121 1670 2185 ad
1698 2120 1870 2184 orandum.
1914 2118 2004 2184 Vere
2026 2120 2113 2186 eninr
2135 2135 2201 2188 ste·

182 2203 265 2272 illud
296 2204 410 2269 dicum
437 2206 511 2268 sine
537 2207 725 2270 testimonio
753 2206 959 2292 scripturae,
987 2205 1078 2290 quod
1100 2205 1168 2269 sint
1217 2218 1313 2270 tuere
1346 2205 1525 2282 debemus,
1557 2218 1591 2271 et
1621 2207 1711 2292 quod
1741 2217 1878 2289 propter
1905 2203 2074 2270 Christum
2104 2228 2201 2273 exau·

182 2291 383 2357 mediatores
414 2291 684 2370 intercessionis,
713 2291 801 2375 quod
829 2301 865 2355 rt
885 2290 1169 2355 verecundissime
1189 2295 1194 2344 i
1216 2291 1357 2370 diamur,
1379 2302 1413 2355 et
1436 2290 1526 2375 quod
1547 2291 1654 2375 ipsius
1676 2292 1802 2357 meritis
1826 2290 2008 2356 habeamus
2031 2288 2201 2376 placetum

182 2376 333 2453 dicatur,
359 2387 469 2441 tamen
498 2378 656 2442 obscurat
682 2373 830 2442 cilicium
852 2374 994 2459 Christi,
1022 2388 1055 2439 et
1084 2374 1167 2440 lidu-
1217 2374 1360 2441 Patrem.
1414 2374 1478 2440 llic
1498 2377 1684 2463 aduersarii
1722 2377 1863 2462 primum
1894 2378 2009 2441 lubeat
2042 2378 2201 2445 inuocare

180 2463 266 2528 ciem
295 2462 543 2528 misericordiae
572 2463 715 2528 debitam
749 2461 903 2540 Christo,
941 2456 1101 2526 transfert
1133 2463 1166 2529 iu
1215 2475 1367 2540 sanctos,
1391 2482 1466 2526 curu
1487 2481 1596 2546 neque
1614 2463 1867 2547 promissionem
1886 2460 1962 2541 Dei,
1983 2481 2094 2548 neque
2110 2485 2200 2530 man·

181 2560 331 2614 sanetus.
360 2546 504 2633 Fingunt
527 2549 613 2613 enim
635 2547 785 2615 homines
808 2547 976 2614 Christum
999 2548 1166 2612 demerem
1216 2550 1347 2626 datum,
1380 2567 1489 2632 neque
1522 2546 1707 2632 exenrplum
1740 2547 1933 2633 Scripturas
1959 2546 2115 2614 babeant.
2158 2549 2201 2616 Et

180 2653 276 2706 esse,
309 2644 343 2699 et
363 2647 501 2698 sanctos
529 2632 782 2718 placabiliores,
810 2648 844 2700 et
865 2636 973 2720 magis
995 2633 1167 2698 confidunt
1216 2646 1325 2699 tamen
1353 2630 1497 2712 faciunt,
1524 2645 1561 2699 rt
1583 2635 1687 2699 maior
1708 2632 1831 2699 lidrrcia
1852 2634 2103 2701 misericordiae
2125 2655 2201 2701 san·

181 2719 411 2786 misericordia
425 2722 479 2796 ²²)
501 2732 710 2800 sanctorum,
741 2740 840 2806 quam
868 2720 1166 2798 misericordiali)
1216 2733 1346 2785 ctorunr
1369 2721 1574 2804 concipietur
1595 2740 1694 2805 quam
1716 2717 1853 2798 Christi,
1874 2740 1949 2785 cum
1972 2718 2127 2786 Christus
2155 2722 2200 2787 ad

181 2802 307 2870 Christi
332 2815 368 2870 et
399 2801 567 2890 fugientes
599 2805 787 2884 Christum,
821 2817 985 2891 quaerunt
1015 2817 1163 2870 sanctos.
1215 2825 1254 2871 se
1276 2805 1391 2871 venire
1410 2804 1557 2883 iusserit,
1578 2826 1646 2870 uon
1667 2806 1712 2870 ad
1733 2816 1882 2871 sanctos.
1916 2803 2073 2871 mro
2095 2805 2201 2892 appli-

180 2887 231 2957 lte
251 2886 377 2956 fecium
398 2910 440 2956 ex
462 2892 513 2956 eis
542 2892 656 2977 reipsa
683 2892 884 2957 mediatores
915 2892 1163 2976 redemptionis.
1215 2902 1293 2957 cant
1319 2890 1437 2956 uredta
1467 2903 1658 2957 sauctorum
1684 2888 1780 2978 alijs,
1807 2892 1895 2956 sicut
1922 2893 2040 2957 merita
2061 2888 2198 2959 Christi.

266 2974 383 3062 ltaque
404 2979 637 3058 ostendemus,
666 2980 755 3064 quod
778 2998 858 3045 rere
878 2973 1003 3043 sacient
1025 2997 1067 3042 ex
1089 2998 1164 3042 san·
1214 2977 1331 3043 lubeut
1358 2976 1530 3043 confidere
1556 2977 1683 3043 meritis
1705 2989 1916 3054 sanctonum,
1969 2976 2043 3042 ussi
2064 2986 2196 3063 repute-

180 3063 246 3128 ctis
266 3082 334 3128 non
352 3073 479 3128 tentum
496 3065 734 3148 deprecatores
751 3064 811 3129 sed
847 3065 1079 3147 ropieiatores,
1097 3062 1164 3129 hoc
1214 3084 1288 3129 mur
1308 3062 1385 3127 iusti
1407 3074 1545 3148 propter
1565 3064 1681 3128 merita
1703 3075 1914 3141 sanctorum,
1941 2997 2030 3128 :lem
2050 3062 2128 3128 iusti
2148 3083 2198 3131 re-

178 3160 250 3228 est,
278 3148 481 3214 mediatores
507 3149 754 3235 redemptionis.
836 3149 959 3215 endum
984 3150 1163 3216 recitemus
1213 3161 1368 3233 putemur
1389 3149 1516 3214 meritis
1537 3147 1672 3214 Christi.
1716 3147 1807 3213 Nihil
1828 3147 1884 3215 hic
1901 3146 2069 3234 fingimus,
2090 3147 2128 3215 ln
2150 3151 2198 3214 in·

178 3230 235 3300 hic
257 3231 349 3322 vulgi
369 3235 507 3300 ebusus.
550 3234 607 3301 De
623 3235 797 3301 domorum
818 3235 1031 3318 opinionibus
1052 3234 1162 3300 adbrm
1213 3231 1398 3320 dulgentijs
1430 3236 1544 3300 dicunt
1573 3253 1612 3300 se
1645 3231 1817 3343 applicare
1848 3235 1963 3299 merita
1995 3244 2199 3316 nnmerum,

178 3316 353 3407 loquimur.
400 3316 539 3405 llelique
559 3322 657 3387 etiam
680 3321 819 3407 imperiti
840 3320 988 3386 iudicare
1009 3331 1162 3404 possano
1212 3319 1257 3386 Et
1288 3317 1425 3385 Gabriel
1460 3322 1626 3404 interpres
1651 3321 1800 3386 Cononis
1831 3317 1959 3385 Missae
1991 3317 2199 3387 confidenter

178 3404 217 3470 ln
249 3407 474 3492 propiciatore
510 3405 597 3473 haee
636 3408 704 3472 duo
736 3416 950 3474 concurrunt.
1004 3407 1161 3484 Primum,
1212 3405 1428 3490 pronunciat.
1455 3424 1521 3471 nos
1544 3407 1659 3472 ordine
1680 3407 1829 3471 instituto
1851 3426 1872 3471 a
1892 3402 1987 3486 Deo,
2009 3406 2133 3472 debere
2153 3406 2197 3472 ed

177 3502 313 3579 oportet
333 3502 448 3556 extare
470 3494 607 3559 verbum
630 3490 712 3571 Ilei,
733 3512 776 3558 ex
798 3513 865 3577 quo
888 3504 983 3558 certo
1003 3493 1162 3571 scherus,
1211 3489 1335 3558 auxilie
1366 3504 1560 3558 sauctorum
1593 3489 1788 3578 confugere,
1816 3502 1854 3556 rt
1884 3488 2055 3557 saluemur
2081 3512 2197 3558 eorum

177 3579 270 3664 quod
293 3573 393 3644 Deus
421 3573 501 3644 rellt
529 3580 680 3645 misereri
715 3589 751 3644 et
778 3580 938 3645 exaudire
964 3580 1161 3645 inuocantes
1211 3578 1338 3644 meritis
1365 3589 1401 3644 et
1434 3578 1532 3644 rotis.
1576 3578 1670 3644 llaec
1703 3588 1782 3643 sunt
1809 3578 1913 3640 rerba
1935 3573 2120 3656 Gabrielie,
2152 3573 2196 3642 Bt

176 3682 241 3751 per
271 3661 362 3729 bauo
388 3665 656 3750 propiciatorem.
710 3662 802 3730 'l'elis
835 3676 927 3730 extat
952 3666 995 3731 de
1023 3663 1161 3730 Christo
1211 3681 1322 3730 temen
1344 3663 1469 3747 passim
1499 3664 1532 3728 in
1561 3664 1656 3728 libris
1685 3672 1718 3726 et
1747 3660 1965 3727 concionibus
1986 3662 2196 3728 aduersario·

176 3750 377 3834 promissio,
410 3748 575 3835 Quidquid
607 3752 768 3834 petieritis
797 3751 996 3837 Patremvin
1028 3749 1161 3816 nomine
1211 3771 1283 3815 rum
1310 3744 1466 3833 leguntur
1495 3749 1702 3812 absurdiora.
1761 3744 1848 3820 Quid
1876 3757 1929 3810 est
1951 3744 2066 3813 fecere
2086 3750 2196 3833 propi·

177 3853 265 3913 meo,
288 3834 381 3900 debit
402 3834 511 3900 robis.
542 3834 595 3899 De
617 3837 745 3900 sanctis
767 3833 860 3905 nulla
877 3848 968 3901 extat
987 3836 1066 3902 telis
1086 3855 1161 3920 pro·
1211 3837 1368 3909 uiatores,
1390 3834 1420 3897 si
1441 3831 1509 3899 hoc
1529 3854 1597 3898 uon
1620 3831 1696 3897 esti
1734 3829 1882 3897 Prorsus
1899 3847 2083 3937 aequantur
2100 3832 2196 3900 Chri·

176 3919 313 3999 missio,
340 3938 444 4004 quere
465 3920 690 3985 eonscientiae
716 3941 784 3986 nou
810 3934 953 4006 possunt
975 3933 1069 3986 certo
1091 3934 1159 3984 ste·
1208 3931 1280 3998 sto,
1302 3918 1331 3982 si
1353 3917 1524 3983 confidere
1545 3919 1724 3996 debemus,
1744 3918 1833 4002 quod
1855 3919 1980 3983 meritis
2002 3938 2117 3985 eurum
2128 3917 2196 3984 esl-

176 4016 289 4084 tuere,
316 4005 405 4091 quod
432 4025 494 4090 per
519 4019 712 4071 sanctorum
732 4007 976 4072 inuocationern
1006 4006 1159 4070 exaudie-
1210 4025 1336 4073 ueruur.
1379 4002 1447 4069 Vbi
1474 4016 1583 4069 eutem
1613 4005 1782 4069 institutus
1804 4018 1858 4070 est
1878 4001 1937 4069 ille
1958 4004 2043 4068 ordo
2063 4025 2085 4068 a
2106 4003 2195 4083 Deo,

175 4111 261 4157 mer.
307 4090 423 4176 ltaque
443 4092 612 4157 iuuomtio
633 4088 692 4157 illa
708 4111 775 4158 non
797 4091 834 4158 lit
855 4111 897 4155 ex
918 4091 995 4156 tide.
1027 4088 1160 4156 Deinde
1213 4111 1310 4177 quem
1334 4089 1411 4154 dicit
1433 4091 1509 4168 iste,
1532 4091 1621 4175 quod
1644 4090 1825 4156 debeamus
1846 4089 1890 4154 ed
1917 4087 2040 4156 auxilia
2060 4102 2195 4158 sancto·

175 4177 368 4245 mamma·
390 4176 491 4242 etiem
513 4174 696 4257 hebemus,
720 4189 755 4243 rt
776 4179 969 4244 maneamus
991 4175 1158 4242 Christian
1182 4246 1189 4269 ε
1209 4198 1282 4242 rum
1311 4172 1517 4261 confugere?
1573 4173 1701 4243 roserat
1728 4174 1915 4260 exemplum
1942 4176 2194 4259 exscriptoris,

175 4262 270 4356 iaxta
298 4260 398 4341 illud,
427 4262 550 4328 Venite
570 4263 612 4329 ed
642 4283 695 4329 me
720 4266 776 4349 qui
799 4261 960 4328 laboratis
982 4276 1047 4328 etc.
1069 4261 1159 4348 quod
1209 4274 1267 4327 aut
1287 4275 1513 4347 praeceptum.
1546 4197 1719 4328 Portassls
1741 4282 1783 4327 ex
1804 4258 1890 4328 aulis
1907 4259 2039 4349 Regum
2060 4271 2194 4327 sumunt

177 4361 271 4415 certe
292 4349 392 4414 nobis
409 4368 542 4436 quoque
561 4350 684 4416 dictum
704 4359 766 4414 est.
800 4347 843 4414 lit
859 4349 980 4414 Esaias
997 4348 1160 4425 sitsi-²³)
1181 4281 1189 4420 l
1209 4346 1299 4412 huuc
1321 4347 1488 4424 ordinem,
1517 4348 1574 4413 vbi
1594 4348 1710 4412 amicis
1731 4349 2014 4414 intercessoribus
2036 4347 2193 4414 rteuduru

177 4432 214 4500 ln
237 4433 292 4500 dis
322 4431 399 4515 ills,
432 4435 533 4501 stabit
561 4437 656 4501 redis
682 4437 791 4516 lesse,
812 4437 846 4500 in
869 4436 897 4500 si
946 4456 1000 4499 um
1021 4428 1159 4519 populo
1209 4446 1272 4499 est.
1316 4437 1363 4500 At
1389 4434 1419 4497 sl
1443 4431 1515 4497 Rex
1535 4433 1745 4500 constituerit
1773 4445 1899 4499 certum
1922 4433 2193 4513 intercessorem,

177 4540 270 4599 rum,
299 4520 409 4605 ipsum
430 4532 549 4607 gentes
578 4522 856 4605 deprecabuntur.
899 4456 1054 4586 ΕΜ.
1077 4516 1160 4602 sliij.
1209 4539 1278 4585 non
1300 4515 1391 4585 volet
1412 4520 1454 4584 ed
1477 4539 1517 4584 se
1539 4538 1663 4585 musas
1684 4539 1744 4604 per
1764 4517 1851 4585 alios
1872 4514 2005 4584 deferri.
2049 4514 2098 4584 lta
2115 4539 2192 4587 curu

177 4604 316 4673 Vulturn
344 4620 435 4673 tuum
463 4608 505 4672 de
529 4610 731 4673 recabuntur
756 4626 872 4674 omnes
899 4607 1019 4673 diuites
1040 4602 1160 4692 plebis.
1210 4603 1364 4671 Christus
1397 4605 1441 4669 sit
1478 4606 1681 4670 constitutus
1719 4607 1926 4671 intercessor
1957 4616 1992 4670 st
2024 4601 2192 4684 Pontifex,

178 4688 221 4757 lit
254 4689 345 4758 Psel.
375 4689 454 4757 lxxi.
539 4705 552 4757 t
587 4694 773 4759 adorabunt
804 4713 880 4758 euru
912 4713 1028 4758 omues
1061 4711 1160 4776 reges
1210 4713 1271 4759 cur
1315 4692 1481 4756 userimus
1498 4687 1604 4757 elios‘l
1637 4688 1769 4756 Passim
1786 4704 1965 4775 rsurpntur
1982 4689 2068 4756 haec
2084 4688 2192 4756 lorme

180 4788 301 4843 terrae.
345 4777 388 4843 lit
416 4775 637 4863 paulopost,
666 4780 809 4845 urebuut
830 4798 943 4843 corant
965 4799 1006 4842 eo
1028 4778 1062 4844 lu
1087 4779 1160 4857 ‘ter‚
1183 4793 1187 4898 p
1210 4712 1442 4842 absolutionis.
1498 4775 1616 4842 Passio
1643 4773 1778 4841 Domini
1816 4779 1925 4841 nostri
1950 4777 2027 4842 lesu
2056 4772 2191 4856 Christi,

177 4860 222 4928 Et
243 4862 314 4929 lob.
333 4885 366 4929 r.
395 4863 500 4950 iuquit
522 4863 695 4942 Christus,
722 4864 768 4929 Vt
797 4884 914 4930 omues
941 4863 1059 4929 boeo‘
1084 4875 1161 4930 cent
1210 4863 1327 4927 menta
1349 4861 1562 4927 beatissimae
1582 4861 1722 4946 virginis
1739 4862 1878 4940 hieriae,
1901 4873 1935 4928 et
1951 4862 2096 4928 omnium
2113 4881 2189 4927 san·

1183 4906 1340 5037 lotorum
1362 4947 1428 5012 sint
1450 4949 1507 5013 tibi
1535 4950 1569 5013 in
1598 4948 1828 5013 remissionem
1856 4960 2082 5033 peccatorum.
2126 4946 2191 5012 llio

183 5037 375 5051 a

180 5156 229 5224 22)
247 5155 440 5223 misericordie]
458 5157 507 5208 Ed.
527 5161 552 5208 4.
571 5162 676 5223 retroque
693 5155 760 5207 loco:
777 5156 973 5208 nbedcordlee
1184 5082 1189 5179 Ι

182 5242 230 5310 aa)
248 5245 287 5293 sn
303 5243 353 5309 xer
374 5241 454 5294 ena.
474 5244 499 5292 e.
518 5246 543 5294 4.
561 5244 638 5294 aare
657 5243 695 5292 ua
711 5241 737 5293 a.
755 5244 815 5295 aa·
831 5241 882 5293 se
900 5242 941 5292 a:
960 5255 1032 5293 nono
1050 5242 1096 5302 ur,
1114 5212 1162 5307 (a
1183 5209 1189 5303 l
1211 5222 1259 5289 2⁴)
1277 5236 1324 5289 rer
1342 5219 1395 5287 aa]
1412 5219 1494 5273 enta
1512 5223 1603 5274 ²-⁴·=
1621 5231 1726 5289 rerer
1743 5238 1785 5285 o.

250 5314 321 5378 situs
338 5313 405 5364 tom·
422 5313 515 5364 daus
530 5309 581 5364 les.
599 5315 642 5375 ii,
660 5311 718 5381 ¹⁰:l
1184 5308 1189 5355 l
1212 5309 1260 5374 sb)
1279 5307 1427 5373 liberetur]
1444 5307 1494 5359 sa.
1512 5308 1553 5358 3.ι
1568 5307 1702 5360 liberata.
