4756 6194
177 349 262 461 fii⁴

528 345 570 414 u.
613 328 848 413 nrouoeu
865 339 1186 411 conresslolils
1206 334 1528 405 nuuusrnsnu
1570 333 1613 401 a.
1655 333 1849 403 urnae

1881 251 1891 279 l

2108 303 2112 310 v

180 506 240 592 in
255 538 284 590 ld
300 539 435 606 pertineat
447 537 483 589 ad
500 539 614 602 gratiam
631 542 659 586 et
675 536 818 586 carium
851 532 894 582 lta
911 539 1001 597 aperte
1019 531 1162 583 excludunt
1211 527 1272 591 ilh,
1299 532 1326 575 et
1350 523 1482 591 quomodo
1506 523 1541 575 ad
1564 537 1625 575 eam
1646 525 1836 606 pergamenas.
1870 525 1922 577 illc
1938 527 2081 579 manarit
2098 526 2199 579 dom

179 609 325 661 numdi
341 607 420 659 iidem
437 623 455 657 a
471 606 662 656 iristidcatioue.
694 602 756 652 Non
776 601 1011 666 dubitamus,›·qniu
1029 601 1161 651 Caesarea
1211 599 1240 646 iu
1258 594 1366 654 sobolis,
1383 592 1456 660 quod
1473 593 1592 644 homines
1609 607 1722 659 proprus
1740 594 1840 644 rsrlbns
1858 604 2050 659 consequantur
2066 597 2138 647 illam
2155 598 2196 647 iu·

177 678 304 730 nereus
329 677 394 727 boni
419 674 570 726 consultura
592 673 684 733 inerit,
708 671 780 735 quod
803 683 857 720 uon
874 671 972 719 assensi
996 683 1087 719 summ
1101 669 1162 718 buic

180 747 358 797 muuuciou
374 745 535 810 praelectae,
552 745 575 793 si
592 743 711 792 audisset
731 752 837 800 cauam,
860 752 942 802 quare
966 753 1025 788 eam
1045 740 1162 802 recipere

179 829 234 866 nou
251 828 396 880 possemus.
431 813 501 863 Nam
517 814 547 861 in
564 811 683 861 omnibus
700 810 792 869 rebus,
813 821 877 870 quas
902 808 1006 871 quidem
1028 813 1162 873 praestare

180 898 330 950 possumus,
348 884 465 946 cupimus
481 895 580 931 morem
597 892 691 942 gerere
709 877 838 926 voluntati
858 875 997 939 caesaris,
1014 889 1091 939 quem
1109 887 1162 923 non

179 953 264 1003 solum
283 960 388 1018 propter
404 950 512 1015 Imperii
527 948 678 1010 fastigium,
700 946 748 996 sed
772 946 850 994 etiam
873 952 981 1010 propter
1006 945 1114 994 eximias
1136 951 1163 992 et

178 1034 243 1072 vers
261 1021 381 1070 heroicas
397 1021 506 1068 virtutes
524 1017 633 1067 colimus
653 1023 680 1065 et
697 1027 857 1064 teneremur.
891 1012 946 1064 Sed
969 1012 1039 1064 bunc
1056 1020 1161 1063 aenton-

174 1090 261 1149 eiam,
278 1089 349 1153 quod
374 1087 440 1136 fides
457 1101 511 1137 nun
532 1086 663 1150 pertineat
682 1084 718 1133 ad
739 1078 952 1135 iustificationem
980 1085 1037 1133 sine
1060 1095 1162 1131 summo

178 1157 247 1223 Uol.
265 1159 275 1207 i
292 1157 344 1223 δῦ)
362 1155 459 1205 scelere
476 1170 532 1205 non
548 1155 679 1218 potuimus
696 1151 818 1215 probare.

191 1284 194 1289 .
248 1243 284 1292 Et
299 1242 363 1290 satis
380 1242 478 1291 scimus
494 1239 633 1290 (ἓιωιηω
650 1251 699 1302 pru
717 1251 765 1286 sua
782 1238 878 1300 pietate
894 1248 948 1284 uun
970 1235 1117 1300 postulare,
1134 1240 1165 1282 st

178 1311 258 1363 seen
284 1325 301 1361 a
326 1310 512 1360 iustificatione
535 1306 719 1365 excludamus,
745 1304 811 1354 Ideo
840 1317 975 1369 speramus
997 1317 1056 1353 eum
1078 1316 1164 1368 aequo

179 1382 278 1442 animo,
295 1381 324 1429 in
340 1378 392 1428 bac
409 1384 484 1427 tauta
501 1392 530 1426 re
547 1376 696 1426 auditurum
714 1387 770 1422 esse
787 1379 905 1423 nostram
923 1373 1118 1434 defensionem,
1137 1378 1164 1421 et

180 1461 262 1516 quare
289 1447 358 1498 iidei
378 1446 591 1497 iusu'iloationem
615 1444 772 1501 tribuamus,
800 1450 827 1491 et
852 1441 985 1505 quomodo
1009 1442 1042 1491 de
1064 1441 1164 1491 merids

180 1518 335 1568 senciamus.
369 1515 438 1565 Nem
455 1514 498 1564 hic
516 1515 590 1564 locus
607 1518 679 1562 reete
697 1511 854 1572 intellectus,
872 1512 900 1560 iu
917 1511 1006 1576 primis
1023 1510 1165 1574 amplificat

179 1586 293 1650 gloriam
309 1583 412 1635 christi
428 1592 456 1633 st
477 1583 580 1647 pauidis
603 1581 772 1631 conscientiis
795 1580 871 1629 affert
892 1579 1075 1629 saluberrimus
1101 1592 1163 1628 con·

180 1655 333 1705 subtimes.

250 1741 394 1789 Actutum
420 1737 488 1786 bunc
511 1736 598 1786 lucum
622 1734 801 1785 contaminant
822 1733 964 1783 aduersarii
985 1732 1068 1782 nostri
1092 1733 1164 1781 miris

180 1806 266 1858 modis
292 1806 350 1855 Nec
367 1807 430 1871 quid
448 1807 482 1854 sit
498 1804 574 1866 tides,
593 1804 656 1868 quid
674 1805 767 1866 grstia,
784 1804 848 1868 quid
859 1803 979 1851 remissio
988 1807 1164 1867 peccatorum,

182 1846 361 1934 considerant,
387 1881 414 1922 et
437 1875 549 1936 gloriam
567 1871 666 1922 Christi
688 1873 846 1933 obscurant,
872 1877 899 1919 et
921 1871 973 1934 piis
996 1870 1164 1919 conscientiis

181 1945 296 2010 eripiunt
314 1944 506 1994 consolationes
524 1943 553 1991 iu
571 1939 675 1990 Christo
694 1941 850 2006 propositas.

249 2030 328 2079 Initio
346 2034 432 2078 autem
450 2028 501 2077 boc
518 2028 689 2092 praefandum
708 2034 760 2088 est,
779 2039 828 2074 uus
854 2039 912 2073 cum
931 2025 963 2071 de
981 2023 1164 2073 iustificatione

179 2100 321 2162 loquimur,
339 2111 392 2146 non
409 2097 483 2161 loqui
501 2096 534 2145 de
552 2097 658 2145 iusticia
674 2094 746 2143 ciuili
766 2108 812 2142 ssu
829 2092 1032 2155 morali,sedde
1050 2092 1164 2152 iusticia,

180 2180 234 2232 qua
257 2180 346 2216 coram
363 2165 423 2215 Deo
440 2165 501 2213 iusti
519 2179 620 2226 sumus,
638 2177 684 2212 seu
701 2164 763 2212 iusti
781 2171 943 2227 reputamur,
966 2175 1043 2225 quam
1065 2158 1164 2209 Paulus

179 2242 260 2285 vocat
277 2236 407 2285 iusticiam
424 2233 493 2294 Dei,
512 2233 612 2294 idest,
635 2246 688 2297 qua
705 2231 849 2281 nos'Deus
871 2229 1003 2281 iustificat.
1038 2228 1108 2277 Nam
1130 2228 1167 2277 de

179 2303 283 2355 iusticia
300 2303 381 2362 ciuili,
400 2316 447 2351 seu
465 2308 495 2349 vt
512 2310 610 2351 vocant
626 2303 655 2351 in
678 2301 788 2362 scholis,
812 2301 845 2349 de
868 2300 991 2364 operibus
1012 2297 1164 2359 moralibus,

180 2379 209 2422 et
230 2372 283 2421 bac
307 2368 432 2420 exteriori
458 2371 672 2429 conuersatione,
701 2369 819 2419 subiecta
841 2370 937 2418 rationi
959 2366 1103 2427 humanae,
1127 2367 1164 2415 siu

180 2441 314 2500 scutimus,
332 2440 402 2504 quud
418 2436 493 2488 Deus
511 2440 604 2502 exigat
619 2439 691 2487 iilam
709 2439 811 2487 ciuilem
829 2438 959 2487 iusticiam
976 2434 1009 2484 ab
1033 2434 1164 2494 omuibus,

181 2517 209 2559 et
225 2509 297 2573 quod
313 2510 349 2557 sit
365 2508 454 2571 aliquo
471 2508 553 2556 modu
569 2511 598 2558 in
615 2514 743 2571 potestate
761 2506 874 2555 bumana
891 2505 995 2554 siflcere
1012 2518 1079 2554 eam.
1116 2502 1167 2565 Vt·¹

181 2576 283 2641 cunque
301 2583 412 2640 possunt
427 2573 548 2624 homines
566 2576 678 2640 propriis
695 2575 792 2624 viribus
811 2576 991 2638 obtemperare
1013 2571 1168 2636 parentibus

181 2659 215 2697 ae
231 2643 437 2708 magistratibus,
454 2657 509 2692 uon
527 2646 658 2706 occidere,
682 2658 736 2693 uon
760 2644 921 2692 committere
944 2641 1086 2701 adulteria,
1109 2654 1165 2689 nou

180 2713 278 2773 iurari,
305 2727 359 2761 non
384 2711 518 2775 peierare,
539 2726 595 2762 non
619 2713 786 2774 mammam,
807 2726 862 2761 uon
885 2711 1041 2760 defraudare
1057 2711 1084 2758 in
1103 2723 1165 2757 cun·

181 2781 318 2832 tractibus.
353 2778 470 2829 Possunt
485 2779 574 2830 officia
590 2781 758 2844 gratitudinis
775 2789 921 2843 praestare,
942 2786 1052 2844 possunt
1073 2779 1164 2826 mode-

180 2852 236 2901 rari
253 2849 415 2912 voluptates.
450 2846 505 2899 Sed
523 2850 551 2899 in
569 2857 643 2899 tants
659 2849 838 2899 imbecillitate
854 2857 979 2907 namra,
996 2861 1074 2912 quam
1097 2852 1165 2895 attu-

179 2918 214 2970 lit
236 2924 370 2983 peccatum
387 2917 506 2979 originis,
524 2918 591 2982 (fol
608 2919 619 2967 i
635 2918 686 2980 (ib)
703 2918 808 2967 Deinde
824 2919 852 2966 iu
868 2924 942 2965 uun
959 2916 1061 2965 diaboli
1077 2921 1165 2978 tyram

181 2988 253 3049 uide,
271 2985 351 3035 facile
368 2985 584 3035 ruuutbomiues
600 2988 629 3036 in
646 2985 786 3036 mauiieats
802 2985 922 3048 flagicia,
938 2986 1003 3034 vieti
1025 2990 1071 3033 aut
1093 2985 1165 3048 cupi—

181 3057 273 3117 dinte,
291 3062 338 3104 sat
354 3054 458 3104 insidiis
477 3055 588 3115 diaboli,
612 3055 656 3117 qui
679 3068 745 3118 qnos
766 3062 852 3118 potest
875 3053 988 3118 impellit
1008 3052 1044 3102 ad
1068 3066 1165 3102 nocea-

182 3125 252 3177 dum.
288 3123 337 3172 Est
355 3124 424 3172 enim
442 3121 584 3184 homicida,
602 3133 631 3171 vt
648 3122 770 3173 Christus
792 3123 884 3186 inquit.
918 3121 1101 3172 cohortentur
1125 3128 1165 3169 ta·

180 3207 242 3242 mea
258 3192 339 3256 aliqui
359 3191 513 3255 discipline,
531 3191 632 3254 legibus
656 3198 683 3240 et
701 3191 905 3254 magistratibus.
941 3189 1021 3239 Tales
1043 3189 1167 3239 videam

182 3260 247 3311 oiim
255 3259 336 3310 fuisse
353 3258 511 3324 Papinianus
528 3260 671 3310 Iuriscons.
689 3259 850 3324 Pomponius
858 3259 969 3318 Atticus,
986 3256 1083 3308 lisbius
1092 3256 1165 3306 Nax.

180 3329 321 3390 Aristides,
339 3337 367 3376 et
383 3328 491 3388 similes,
511 3336 537 3378 et
553 3342 655 3392 sempu
672 3330 776 3377 suntin
793 3328 893 3376 mundo
909 3327 990 3391 aliqui
1007 3326 1166 3375 excellentes

181 3399 241 3459 viri,
258 3397 373 3447 studiosi
390 3397 503 3447 virtutis.
539 3397 611 3446 Deus
630 3398 698 3446 euim
717 3397 792 3446 dedit
814 3396 912 3445 mundo
935 3395 1113 3459 discipilum,
1134 3394 1166 3443 li·

180 3472 259 3526 teras,
276 3467 349 3530 leges
368 3466 401 3515 de
419 3466 594 3515 exterioribus
612 3463 716 3524 officiis,
734 3472 762 3513 et
778 3467 953 3528 ungimine,
971 3463 1166 3513 stcoberceant

182 3535 309 3595 males,
327 3534 390 3599 quis
405 3534 479 3584 Deus
497 3535 604 3584 omnino
621 3534 732 3598 requirit
748 3533 819 3583 banc
835 3533 938 3583 ciuilem
950 3533 1089 3594 iusticiam,
1102 3545 1165 3596 qua·

181 3617 212 3653 re
235 3617 343 3655 necesse
370 3610 411 3652 est
433 3616 491 3654 earn
524 3610 666 3668 praestare.
702 3602 795 3667 Neque
817 3609 904 3653 temen
926 3602 970 3650 isti
993 3614 1095 3663 rueres,
1117 3608 1167 3650 sea

183 3672 273 3721 ciuilio
287 3685 371 3734 opera
389 3669 531 3721 iustificant
547 3671 665 3721 homines
682 3685 771 3720 coram
788 3671 858 3721 Deo.
892 3671 970 3720 nanc
991 3670 1096 3720 laudem
1120 3670 1165 3719 de·

182 3741 264 3790 trabit
288 3742 326 3789 eis
353 3739 495 3803 scriptura,
522 3746 628 3804 propter
656 3741 816 3802 impietatem
838 3737 946 3788 humani
969 3739 1070 3800 cordis,
1094 3737 1166 3802 quod

182 3809 240 3857 sius
256 3806 350 3872 spiritu
367 3816 469 3868 sanctu,
486 3823 540 3857 non
557 3810 633 3857 uouit
649 3806 745 3869 Deum,
763 3820 818 3856 uon
836 3809 909 3857 timet
925 3806 1020 3868 Deum,
1037 3821 1091 3857 nou
1109 3820 1165 3856 ore·

183 3876 222 3926 dit
239 3875 312 3937 Deo,
330 3875 446 3924 breuiter
463 3884 502 3924 est
522 3878 581 3925 siue
602 3875 671 3925 Deo.
706 3875 781 3924 Haec
804 3881 881 3923 tanta
901 3876 971 3925 vicia
993 3875 1103 3923 baercnt
1124 3875 1166 3923 in-

182 3951 224 3994 tus
242 3946 269 3994 iu
286 3946 383 4004 anima,
400 3942 465 3992 Ideo
484 3944 676 4009 qualescunque
693 3942 864 3992 morosioris
881 3950 958 4003 sunt,
977 3948 1065 3990 tamen
1083 3943 1167 3992 corda

181 4028 238 4075 auu
255 4019 318 4062 sunt
334 4013 405 4063 iusta
422 4026 510 4061 coram
526 4012 596 4074 Dee,
614 4014 671 4062 siue
687 4011 739 4060 ilde
756 4014 784 4061 iu
802 4010 949 4072 christum,
967 4018 993 4058 et
1010 4013 1067 4060 sine
1089 4012 1165 4073 spiri·

182 4089 213 4135 ta
230 4088 331 4132 sancto
367 4080 507 4131 Caeterum
523 4079 600 4131 facile
617 4083 738 4145 patimur,
755 4078 823 4129 baec
842 4093 923 4143 opera
945 4078 1055 4129 moralia
1076 4092 1165 4140 quam·

181 4151 249 4201 libet
274 4151 376 4214 magnis
403 4149 523 4200 laudibus
546 4150 652 4210 ornari,
676 4150 771 4198 Verum
794 4153 834 4198 eet
855 4149 923 4197 enim
946 4148 1018 4210 quod
1039 4147 1107 4197 inter
1123 4160 1165 4195 res

182 4219 308 4270 hmanas
325 4219 389 4270 nibil
409 4225 449 4268 set
465 4218 573 4282 melius,
590 4225 636 4268 aut
652 4219 840 4282 praestantius,
856 4214 909 4266 Sed
926 4217 992 4265 haec
1008 4217 1066 4266 isus
1083 4215 1166 4265 multo

1212 665 1331 726 sticiam,
1355 663 1408 712 boc
1431 663 1521 712 modo.
1559 659 1689 713 sendum
1710 660 1829 712 homiues
1852 666 1967 727 propriis
1990 666 2089 715 viribus
2118 679 2197 731 posse

1213 734 1324 797 diligere
1341 731 1429 781 Deum
1447 732 1638 795 superomnia.
1673 730 1767 794 Itaque
1785 732 1877 781 dicunt
1893 732 2040 796 bominem,
2058 735 2081 783 si
2103 735 2197 784 iecerit

1213 802 1283 852 bona
1299 814 1382 866 opera
1399 813 1433 848 ex
1455 801 1566 864 propriu
1591 801 1704 860 viribus,
1727 800 1817 864 qualia
1839 807 1900 851 sunt
1920 802 1967 850 illa
1989 802 2077 851 ciuilia
2098 801 2198 866 officis,

1214 871 1247 920 de
1264 871 1368 986 quibuls)
1382 868 1461 932 paulo
1482 878 1544 919 aute
1567 868 1637 930 disi,
1654 875 1761 933 propter
1782 866 1883 932 Deum,
1904 873 2001 921 mereri
2019 871 2052 920 de
2075 884 2194 934 commo

1214 941 1326 1003 gratiam
1371 938 1405 985 ei.

1284 1038 1393 1090 Addunt
1410 1039 1529 1102 amplius,
1547 1040 1661 1102 qratiam
1683 1034 1755 1089 inim
1780 1053 1837 1090 esse
1859 1039 1975 1092 habitum
1997 1039 2112 1090 infusum
2137 1041 2196 1091 dili·

1214 1109 1294 1174 gendi
1312 1109 1407 1157 Deum.
1444 1106 1599 1171 Quanquam
1623 1110 1784 1159 recentiores
1802 1109 1909 1175 quidam
1927 1117 2053 1174 ceperunt
2069 1108 2197 1173 dubitare,

1215 1179 1308 1228 Vtrum
1329 1177 1373 1226 bic
1395 1176 1499 1225 babitus
1522 1177 1658 1241 ponendus
1686 1186 1768 1242 esset,
1791 1192 1823 1227 ac
1846 1177 2044 1242 disputauerunt
2065 1180 2202 1243 bominem,

1216 1246 1367 1307 iustificari,
1386 1247 1464 1295 etiam
1482 1247 1504 1295 si
1523 1259 1576 1295 uun
1594 1255 1765 1297 renouaretur
1782 1260 1799 1294 a
1816 1245 1883 1296 Deo.
1919 1247 2022 1296 Deinde
2044 1256 2131 1296 autem
2148 1247 2197 1299 bu·

1215 1315 1320 1377 minem,
1338 1317 1360 1363 si
1376 1315 1446 1364 buna
1464 1327 1545 1381 opera
1561 1313 1655 1375 faciat,
1672 1322 1810 1379 postquam
1832 1314 1879 1363 illo
1902 1314 1994 1365 babitu
2019 1324 2126 1366 ornatus
2150 1323 2199 1380 est,

1215 1386 1311 1434 mereri
1328 1384 1361 1432 de
1379 1384 1512 1447 condigno
1527 1382 1608 1432 vitam
1626 1391 1768 1433 aeternam.
1802 1383 1839 1431 lit
1856 1392 1942 1433 umen
1961 1385 2052 1435 iubent
2069 1385 2198 1448 dubitare,

1216 1453 1308 1502 Vtrum
1325 1453 1394 1501 bunc
1410 1453 1529 1501 habitum
1547 1460 1699 1502 oomecutus
1718 1453 1762 1502 sit.
1789 1451 1882 1515 Neque
1899 1454 1968 1503 euim
1987 1455 2092 1515 dicunt,
2111 1467 2196 1517 neque

1216 1522 1305 1570 dicere
1330 1530 1456 1586 possunt,
1480 1521 1612 1586 quomodo
1638 1530 1684 1570 aut
1707 1522 1811 1586 quando
1836 1523 1986 1573 infundatur
2008 1524 2058 1572 iste
2082 1523 2196 1574 babitus.

1215 1591 1251 1640 Et
1275 1603 1424 1653 quanquam
1451 1590 1485 1640 ds
1508 1592 1675 1640 sacmmemis
1700 1591 1804 1652 dicunt,
1830 1591 1901 1653 quud
1922 1604 1956 1640 ex
1985 1604 2064 1655 opere
2087 1601 2196 1655 operato

1217 1658 1353 1708 coniurant
1370 1660 1489 1722 gratiam,
1507 1666 1596 1707 nmen
1614 1666 1738 1724 tanquam
1756 1659 1836 1708 diiiisi
1853 1661 1893 1709 illi
1911 1661 1962 1724 ipsi
1979 1661 2140 1722 sententiae,
2156 1661 2196 1709 iu-

1216 1729 1280 1778 bent
1305 1729 1425 1777 dubitare
1452 1727 1593 1791 homiuem,
1617 1736 1704 1777 rtrum
1730 1727 1798 1776 iiunc
1825 1727 1942 1779 habitum
1971 1737 2125 1778 consecutus
2152 1730 2194 1778 sit.

1217 1796 1285 1858 Quia
1301 1798 1383 1859 igitur
1400 1798 1561 1845 conscientie
1576 1798 1677 1847 incerta
1695 1804 1744 1855 est,
1762 1799 1894 1861 quomodo
1913 1806 2055 1860 mereatur,
2074 1812 2133 1847 cum
2150 1796 2197 1847 ha·

1216 1866 1271 1915 bitu
1294 1865 1360 1931 (sul
1379 1866 1389 1913 i
1405 1866 1457 1930 ib)
1474 1866 1536 1926 illo,
1552 1867 1595 1914 rel
1613 1867 1670 1915 sinc
1688 1865 1794 1927 babitu,
1813 1867 1975 1930 amplectitur
1991 1868 2056 1918 illud
2070 1866 2141 1930 quod
2157 1867 2197 1914 iu-

1216 1936 1286 1983 dicat
1304 1948 1360 1982 esse
1378 1935 1482 1985 certius.
1517 1934 1632 1984 Necesse
1655 1943 1696 1983 est
1712 1936 1806 1997 igitar,
1826 1943 1856 1983 rt
1878 1945 1997 1987 recurrat
2020 1936 2054 1984 ad
2077 1935 2198 1984 meritum

1216 2005 1338 2066 congrui,
1365 2009 1393 2050 et
1420 2010 1529 2052 conetur
1558 2004 1591 2052 de
1617 2015 1734 2067 congrue
1751 2005 1857 2064 mereri,
1881 2007 1937 2055 siue
1955 2004 2076 2064 cbristo,
2100 2012 2126 2051 et
2141 2004 2198 2053 sine

1215 2073 1307 2135 spiritu
1324 2078 1424 2121 sancto.
1459 2071 1502 2121 Its
1519 2072 1617 2121 docent
1640 2072 1784 2122 aduersarii
1806 2072 2002 2137 inexplicabiles
2026 2071 2197 2135 labyrinthos,

1216 2148 1244 2190 et
1260 2141 1342 2190 muita
1357 2142 1516 2204 pugnaneia,
1535 2147 1562 2189 et
1577 2142 1683 2190 interim
1702 2142 1805 2204 erigam
1826 2141 1949 2191 fiduciam
1970 2155 2076 2207 operum
2100 2148 2126 2189 et
2150 2155 2199 2205 op·

1214 2212 1329 2274 primunt
1353 2209 1464 2272 gloriam
1491 2208 1598 2259 Christi.
1640 2208 1711 2270 Quid
1738 2211 1806 2258 enim
1833 2211 1923 2260 dicunt
1950 2213 1978 2261 in
2004 2208 2056 2258 boc
2080 2209 2139 2257 ioco
2164 2210 2198 2258 de

1216 2280 1330 2338 Christo,
1349 2286 1394 2327 aut
1412 2277 1514 2326 deiide
1532 2279 1560 2326 iu
1579 2278 1720 2337 Christum,
1739 2277 1772 2326 de
1788 2281 2006 2343 promissionibus
2030 2279 2055 2328 in
2081 2278 2196 2328 cbristo.

1215 2348 1315 2397 Harum
1332 2360 1419 2395 rerum
1436 2360 1494 2394 cum
1513 2347 1584 2410 pleni
1601 2349 1654 2396 sint
1671 2347 1731 2396 libri
1748 2348 1910 2410 scripturae,
1929 2349 2002 2398 nulla
2019 2347 2063 2396 bic
2080 2347 2110 2395 iit
2125 2361 2196 2398 meu·

1215 2417 1261 2476 tiu,
1278 2423 1399 2478 tauquam
1423 2415 1530 2464 adrem
1552 2415 1619 2465 nibil
1641 2418 1774 2479 pertineat
1795 2415 1929 2479 Christus,
1951 2418 2001 2466 nisi
2026 2415 2096 2480 qnod
2119 2415 2199 2466 semei

1215 2486 1306 2535 dIount
1322 2498 1381 2533 eum
1398 2485 1572 2546 promeruisse
1589 2485 1666 2534 nobis
1683 2486 1763 2535 istum
1779 2484 1905 2537 habitum.
1941 2485 2020 2534 Nunc
2037 2484 2129 2535 iubent
2145 2498 2206 2534 nos.

1215 2568 1262 2616 per
1285 2567 1367 2617 opera
1390 2551 1525 2602 iustificari
1549 2559 1576 2601 st
1598 2555 1711 2614 salusri,
1734 2554 1809 2615 quasi
1833 2569 1888 2604 uon
1910 2557 2052 2604 etiamnum
2074 2568 2140 2618 opus
2163 2555 2200 2604 sit

1214 2623 1292 2681 nobis
1315 2622 1460 2671 mediatore
1482 2621 1601 2683 Christo,
1626 2630 1653 2672 et
1677 2623 1856 2672 misericordia
1877 2624 1905 2673 iu
1934 2622 2037 2673 Christo
2061 2622 2197 2686 promissa.

1214 2689 1306 2753 Itaque
1332 2703 1366 2738 ex
1389 2688 1430 2737 his
1453 2689 1566 2739 contusis
1588 2689 1756 2754 opinionibus
1784 2692 1938 2740 meritorum
1961 2693 1993 2741 de
2015 2690 2146 2754 congruo,
2171 2698 2204 2743 et·

1215 2759 1347 2822 condigno
1366 2759 1417 2813 orti
1434 2765 1495 2807 suut
1511 2760 1574 2808 noui
1592 2759 1675 2808 cultus
1694 2759 1722 2806 in
1739 2758 1873 2822 Ecclesia,
1896 2767 1959 2809 vota
1975 2761 2133 2820 monastica,
2151 2760 2198 2809 ab·

1214 2841 1276 2876 usus
1294 2827 1559 2887 mesammones
1580 2827 1663 2877 mults
1686 2840 1780 2892 opera,
1804 2843 1850 2893 per
1874 2843 1941 2892 quae
1962 2827 2083 2878 homines
2107 2842 2199 2892 quere·

1215 2895 1279 2955 bapt
1299 2893 1509 2944 iustificationem
1532 2910 1620 2945 eoram
1642 2895 1717 2957 Deo,
1744 2896 1848 2946 abiectu
1871 2898 1952 2947 uerbo
1978 2905 2004 2946 ot
2024 2897 2198 2962 promissionq
2296 2910 2311 2933 e

1214 2960 1278 3026 Dei,
1297 2963 1329 3012 de
1347 2961 1462 3025 Christo,
1482 2970 1508 3011 et
1525 2962 1578 3013 fide
1595 2966 1624 3013 in
1642 2959 1795 3016 obrutum*

1284 3063 1375 3115 Nostri
1393 3071 1479 3114 autem
1498 3067 1546 3114 etsi
1564 3067 1662 3116 docent
1675 3067 1825 3117 mandatum
1843 3067 2054 3132 esse,et1mpli
2076 3064 2197 3117 coberoe'·

1215 3140 1291 3184 autur
1307 3134 1412 3183 iusticia
1427 3134 1502 3197 legis,
1520 3149 1566 3183 seu
1582 3136 1687 3185 iusticia
1703 3137 1780 3186 liberi
1798 3136 1907 3200 arbitrii,
1924 3144 2011 3185 terrun
2035 3141 2132 3200 negant
2149 3136 2198 3185 bo-

1215 3203 1297 3253 niues
1316 3216 1363 3266 per
1379 3201 1428 3250 iila
1445 3216 1526 3268 opera
1542 3203 1613 3254 iacta
1629 3207 1743 3270 propriis
1761 3204 1859 3255 vlribus
1877 3205 2015 3255 iustificari
2031 3219 2120 3255 curam
2128 3202 2198 3268 Deo,

1216 3278 1261 3321 aut
1277 3266 1371 3320 mareri
1388 3273 1507 3333 gratiam
1536 3273 1579 3322 Ad
1597 3272 1663 3322 baec
1679 3273 1833 3324 manifestus
1851 3276 1925 3325 error
1943 3281 1990 3337 est,
2006 3274 2109 3334 docere,
2126 3271 2199 3336 quod

1215 3340 1294 3389 bomo
1312 3341 1369 3389 sine
1387 3340 1480 3405 spiritu
1497 3349 1587 3391 uncto
1604 3344 1690 3408 possit
1705 3342 1791 3393 Mum
1809 3343 1928 3407 diligere,
1946 3353 1972 3392 st
1988 3348 2128 3408 praecepta
2145 3340 2197 3393 Dei

1215 3406 1313 3460 lacere.
1350 3407 1422 3468 Quid
1440 3411 1510 3458 euim
1528 3410 1599 3460 aliud
1623 3419 1759 3461 senserim
1780 3410 1928 3476 Pelagium,
1947 3413 1991 3476 qui
2015 3419 2077 3461 aute
2098 3410 2200 3474 aliquot

1215 3478 1304 3528 secula
1320 3477 1353 3526 ab
1376 3475 1495 3528 Ecclesia
1517 3481 1684 3531 condemnati
1701 3488 1770 3540 suut,
1792 3494 1870 3544 qnam
1894 3479 1937 3529 vel
1959 3481 2079 3530 homiues
2102 3477 2195 3528 tutis·

1215 3547 1706 3667 {idrii‘miffiii‘ssimsimiiiss
1728 3548 2059 3680 diligitei?
2077 3547 2198 3679 itii

1523 3652 1530 3667 ο
2187 3650 2196 3677 s

1214 3687 1242 3734 in
1260 3683 1326 3749 (fol.
1344 3682 1362 3730 k
1384 3684 1430 3748 1⁸)
1449 3683 1517 3733 libro
1536 3684 1577 3732 cui
1595 3685 1696 3733 titulum
1714 3683 1790 3745 iecit,
1808 3683 1851 3732 De
1868 3687 1954 3747 gratia
1971 3691 1998 3733 et
2019 3686 2102 3734 libero
2127 3686 2196 3736 arbi·

1214 3754 1275 3802 trio.
1305 3749 1373 3799 Nam
1390 3753 1458 3800 iuter
1475 3758 1587 3810 metere,
1606 3766 1673 3816 qnae
1689 3752 1730 3802 illi
1748 3751 1853 3802 obiecta
1870 3760 1937 3815 sunt,
1956 3760 1983 3802 et
1999 3753 2050 3803 boc
2067 3753 2197 3804 obiectum

1216 3829 1268 3883 est,
1290 3819 1363 3883 quod
1389 3820 1488 3868 diceret
1510 3822 1622 3883 gratiam
1647 3820 1712 3883 Dei,
1741 3820 1882 3871 secuudum
1905 3823 1998 3872 merita
2018 3828 2109 3873 nosue
2132 3823 2197 3886 dari,

1214 3888 1287 3954 quod
1304 3885 1340 3936 sic
1357 3886 1470 3937 alienum
1489 3898 1528 3936 est
1544 3903 1561 3938 a
1577 3888 1708 3939 catholica
1726 3890 1860 3951 doctriua,
1889 3898 1916 3940 et
1938 3891 2068 3941 inimicum
2093 3892 2197 3955 gratiae

1216 3956 1325 4016 christi,
1351 3964 1380 4003 rt
1404 3958 1455 4006 nisi
1477 3956 1528 4007 boc
1551 3958 1682 4008 obiectum
1703 3958 1753 4008 sibi
1776 3959 2034 4022 matbematisasset,
2055 3963 2111 4024 ipse
2134 3960 2197 4011 iude

1215 4024 1446 4075 anathematizatus
1463 4027 1571 4076 exisset
1605 4027 1707 4076 letant
1724 4036 1811 4078 autem
1827 4028 1888 4078 libri
1912 4028 2125 4080 scholastIoorum
2149 4029 2196 4078 do-

1215 4105 1325 4153 ctorum,
1342 4095 1387 4155 qui
1403 4094 1490 4158 palam
1507 4096 1558 4144 boc
1576 4096 1684 4157 docent,
1703 4098 1772 4161 quod
1795 4088 1976 4161 qratiam³iiei
1999 4106 2130 4148 mereatur
2153 4112 2197 4148 eu·

1214 4171 1291 4213 natus
1309 4161 1387 4210 liberi
1405 4162 1516 4224 arbitrii,
1534 4165 1654 4215 iacIentis
1677 4167 1747 4230 quod
1770 4167 1798 4215 iu
1822 4179 1851 4215 ss
1873 4175 1921 4217 est.
1956 4166 2016 4215 Hoc
2039 4168 2101 4231 qnid
2124 4165 2196 4216 alind

1216 4238 1263 4290 est,
1292 4244 1370 4295 quam
1387 4231 1503 4304 dicere,
1521 4235 1593 4296 quod
1619 4234 1741 4298 operibus
1766 4237 1862 4285 nostris
1885 4249 1971 4285 coram
1989 4234 2048 4284 Deo
2072 4235 2196 4284 iustiiics·

182 4290 298 4339 mim
314 4295 362 4369 ‘⁸¹2
380 4287 452 4354 ΨΜ
468 4286 541 4336 Dm
558 4288 690 4369 Ρηῗθῗξῖξ
702 4286 755 4368 11οἸ
768 4299 864 4367 ”sime
881 4293 908 4365 ἓξ
925 4286 997 4351 (1¹1⁰d
1014 4285 1121 4367 prefui&
1139 4290 1166 4333 ⁶⁶
1214 4299 1290 4349 mur?
1325 4298 1394 4349 Nam
1417 4302 1440 4350 si
1462 4316 1544 4366 opera
1564 4303 1611 4352 illa
1635 4311 1768 4352 merentur
1789 4305 1914 4367 gretiam,
1939 4306 1991 4353 iam
2015 4310 2053 4352 est
2074 4311 2195 4370 acceptus

101 4394 110 4411 ν
182 4371 282 4438 imm
300 4357 411 4438 “ddldffb
447 4355 516 4407 Nm
532 4371 580 4421 12¹0
603 4365 711 4405 ¹⁰⁸⁸¹⁰¹⁸
733 4356 803 4406 ⁰¹¹¹I¹¹
825 4354 914 4405 ΜΦ*
936 4354 1084 4437 0⁰¹l20f⁸¹¹⁸
1106 4367 1165 4436 Ρῐξ·
1214 4384 1246 4418 ac
1263 4369 1345 4417 iustus
1363 4368 1441 4419 homo
1460 4385 1549 4419 coram
1565 4370 1639 4432 Deo,
1657 4379 1765 4436 propter
1781 4372 1828 4422 illa
1847 4386 1938 4436 opere,
1961 4373 2062 4421 tametsi
2080 4376 2196 4423 noudum

183 4439 238 4478 ma
255 4425 468 4491 “nemimem
487 4432 513 4473 c
529 4424 724 4491 pacemuuos
742 4437 828 4506 gnome
842 4425 921 4506 punit
935 4436 1015 4502 vum
1032 4423 1165 4502 suppinus
1215 4444 1330 4487 renum.
1365 4438 1403 4487 ie
1419 4438 1511 4488 ronan.
1530 4442 1628 4503 inquit,
1646 4440 1728 4491 neon
1746 4442 1783 4491 eu
1800 4448 1957 4505 potestatem
1974 4441 2043 4491 eto·
2061 4440 2116 4491 nei
2129 4442 2195 4506 seri,

183 4500 211 4544 et
227 4492 510 4574 calamitatibus,⁴ldeo
527 4495 571 4546 les
590 4495 663 4544 dicit
700 4492 752 4553 Qui
770 4492 957 4553 recentiam,
980 4501 1053 4574 eruet
1070 4491 1164 4572 mucis.
1214 4506 1255 4557 hp,
1273 4507 1319 4571 quq
1336 4508 1447 4557 credun,
1464 4510 1491 4558 q„
1510 4510 1615 4559 nomin,
1632 4510 1703 4573 epm,
1721 4510 1766 4574 qni
1782 4523 1836 4559 m
1854 4525 1888 4559 ,χ
1904 4500 2085 4575 Quium,
2111 4525 2195 4577 nequ„

182 4561 221 4612 Et
243 4577 327 4626 primo
351 4568 493 4627 praecepto
523 4563 655 4614 secundae
678 4562 797 4623 tabulae,
824 4575 891 4626 quse
919 4567 1035 4610 continet
1056 4558 1166 4624 politica
1215 4590 1249 4625 ,χ
1266 4574 1401 4626 volum„
1418 4579 1519 4640 emb,
1544 4591 1629 4642 „que
1652 4591 1686 4627 ΩΧ
1703 4579 1837 4629 ,omme
1854 4578 1917 4640 vm,
1939 4580 1985 4628 ,ed
2003 4593 2036 4628 α
2057 4578 2116 4628 D„
2139 4582 2195 4632 „fl

183 4630 286 4694 enea,
315 4631 404 4682 acere
431 4633 647 4713 secreuisse,
669 4638 698 4679 ut
714 4629 752 4679 εἰει
777 4630 921 4710 lonenses
950 4643 1029 4696 ,uper
1057 4636 1164 4710 terrem·
1214 4651 1281 4698 sunt
1317 4645 1380 4696 reon
1397 4646 1476 4710 igtur
1493 4645 1590 4696 neten
1606 4638 1774 4711 potsse-em,
1796 4655 1827 4697 vc
1848 4646 1896 4697 nui
1919 4646 1971 4697 nei
1988 4647 2067 4711 eme,
2092 4648 2131 4697 uu
2149 4649 2195 4714 qu

183 4696 339 4780 Quilm
356 4706 442 4750 “iffi
459 4698 500 4749 ω·
519 4714 657 4781 ΝΟΜ,
670 4700 853 4780 ⁰⁰3¹¹¹⁰0¹¹⁴¹⁸i⁸
869 4705 904 4748 ⁸¹²
917 4697 982 4747 hm
1000 4704 1109 4747 ‘mm
1126 4713 1165 4746 ¹¹¹·
1214 4728 1268 4764 non
1286 4721 1346 4764 sunt
1362 4728 1396 4763 ex
1412 4713 1472 4764 Deo
1490 4717 1562 4777 uati,
1584 4716 1631 4765 sed
1649 4723 1749 4766 tantm
1772 4724 1898 4778 requntm
1914 4718 2012 4767 viribus
2032 4717 2109 4767 liberi
2127 4720 2197 4769 arbi·

183 4775 273 4828 ΝΜ,
292 4767 358 4833 (101·
377 4770 387 4818 ¹
405 4768 455 4835 4⁸)
474 4776 561 4849 ΜΡ
579 4783 632 4819 ”0¹¹
650 4767 772 4850 ¹¹¹³f¹fl⁰⁸t
789 4781 877 4817 ⁰⁰¹⁸¹¹¹
894 4766 963 4818 13⁰⁰·
990 4765 1164 4850 N⁹q⁰0f⁶¹⁰
1215 4785 1268 4844 trii,
1286 4782 1321 4832 lte
1336 4782 1429 4832 lohau.
1448 4782 1496 4833 v1.
1515 4783 1635 4834 Christus
1652 4785 1745 4849 iuquit.
1761 4816 1763 4821 «
1780 4784 1865 4834 Nemo
1883 4793 1969 4851 potest
1984 4787 2076 4835 venire
2093 4787 2127 4836 ad
2144 4801 2195 4850 me,

183 4837 335 4918 ῘΒἾΟΜΜ
348 4837 481 4919 ,Ψθθᾶω
498 4836 644 4919 EPIWWQ
662 4844 740 4919 §m
756 4837 807 4886 h⁰⁰
824 4844 941 4901 ΜΡΝ
959 4849 1030 4898 ‘⁸⁵02
1054 4851 1098 4917 ‘1¹²3
1116 4849 1165 4917 {²⁰⁸
1214 4852 1265 4901 uisi
1282 4859 1372 4915 pater,
1390 4853 1434 4915 qui
1451 4853 1521 4902 misit
1536 4866 1593 4914 me,
1616 4855 1728 4903 traxerit
1751 4868 1817 4903 eam.
1852 4853 1888 4903 Iit
1909 4855 2007 4905 Paulus
2024 4853 2101 4904 Rom.
2120 4855 2194 4908 VIII.

157 4948 160 4953 .
183 4904 294 4956 irrident
320 4906 399 4957 aliam
427 4908 557 4970 quandam
585 4907 715 4957 iustrcum
742 4911 911 4969 quaerentes,
941 4911 1044 4986 praeter
1074 4905 1164 4985 crurlas
1213 4918 1311 4971 Sem
1338 4921 1439 4983 cmm,
1465 4936 1535 4971 mo„
1559 4930 1613 4984 m,
1638 4919 1737 4973 sm,
1760 4931 1847 4973 mem
1871 4924 1992 4988 spirim,
2009 4925 2065 4973 „qn
2088 4930 2115 4972 ,ς
2131 4934 2193 4988 9⁸33

183 4987 279 5025 mures.
307 4972 366 5056 Sed·
380 4973 545 5056 cbristiauos
563 4982 667 5040 oportet
684 4976 933 5056 discrimeuteuere
949 4982 1019 5023 inter
1035 4974 1165 5056 iusticiam
1213 4989 1295 5052 pen,
1312 4987 1410 5040 Sem,
1428 4992 1527 5053 mi„
1543 4991 1686 5041 inimici&
1709 4997 1749 5041 ω
1769 4992 1894 5042 ,pamm
1911 4993 2013 5054 mum,
2035 4992 2102 5056 με,
2126 4995 2195 5043 m,

184 5043 342 5124 amem-ee
358 5045 505 5107 iuncum,
523 5059 576 5108 qua
592 5058 681 5126 eorm
698 5043 758 5094 ⁰00
776 5049 840 5094 mee
856 5049 1022 5108 reputamur,
1037 5050 1106 5094 mter
1123 5038 1163 5092 oi·
1215 5058 1268 5108 ou
1290 5072 1346 5108 non
1375 5065 1415 5108 es
1440 5059 1585 5122 subiectus,
1608 5075 1638 5111 ω
1664 5074 1698 5110 ιιι
1719 5068 1807 5125 potae
1828 5062 1935 5125 quidem
1958 5064 1982 5112 er
2005 5061 2106 5111 sutiles
2141 5060 2196 5122 Qu

182 5108 245 5170 Μ·
262 5111 359 5177 ΜΝῙᾺ
377 5120 404 5162 ⁶⁸
419 5115 489 5165 ¹¹¹⁸&
506 5119 589 5163 mm
607 5113 694 5163 ⁰⁰¹4ss
711 5127 777 5177 ‘⁵¹8⁸
792 5110 888 5162 ”0⁰³¹-
1214 5129 1347 5178 arsenio
1365 5141 1444 5178 carus
1461 5135 1529 5190 suut,
1546 5128 1606 5180 Deo
1622 5129 1726 5195 placere
1741 5145 1795 5180 uon
1812 5139 1930 5194 possunt.
1956 5130 2031 5180 Haec
2048 5130 2116 5179 adeo
2133 5137 2195 5181 aaut

184 5225 193 5233 ·
253 5198 322 5251 cm
337 5200 420 5263 igitar
437 5198 490 5249 alia
507 5199 634 5267 quaedam
651 5200 754 5250 iustitia
770 5199 806 5249 ait
825 5204 930 5263 praeter
952 5197 1043 5248 ciuiles
1066 5209 1164 5259 mores,
1213 5204 1306 5262 aperta
1322 5198 1489 5260 testimonia,
1509 5204 1539 5249 rt
1560 5212 1616 5249 aon
1632 5198 1783 5249 desiderent
1799 5207 1903 5249 mutum
1920 5200 2120 5259 intellecturus,
2141 5197 2199 5251 aad·

184 5265 978 5335 qaaeoramDeolastiprouanelamur,qasreadamsat,
998 5272 1026 5319 et
1047 5266 1166 5333 quassit
1214 5264 2002 5333 ausatamauditoromfflbntsreaiuvdmaranustinl
2019 5265 2114 5330 autu,
2132 5267 2190 5334 quii
