4756 6194
175 370 248 441 ⁸78
532 368 573 436 ll·
615 302 855 436 erithonis.
868 365 1189 437 confessionis
1210 364 1529 435 incussam.
1571 364 1613 433 lt.
1654 362 1847 433 thuna
2129 368 2199 437 stt

180 567 318 623 araret,
339 566 367 611 ιι
382 566 495 611 meet
517 559 705 619 mmdeuuu.
728 566 755 609 et
775 565 884 622 augam
906 562 1051 623 peccatm
1085 555 1163 609 licei·
1215 569 1305 623 opera.
1340 556 1382 606 Δο
1400 570 1464 607 sero
1482 554 1614 607 habebant
1629 552 1786 625 fidem-hoo
1801 560 1856 618 est,
1872 555 1998 607 ιιιίιίιιι
2017 557 2145 611 Ιιίιιοιίιι
2161 559 2199 613 de

178 632 292 683 ιιιίιιιι
315 630 465 680 ιιιιίιιοιίι
486 629 637 679 ιιιΙιιίιιο
664 626 820 693 particulae,
844 638 911 691 quas
934 639 1067 691 speremus
1088 626 1164 677 bona
1215 622 1284 687 Dec,
1302 630 1330 675 et
1346 624 1521 689 sequebantur
1537 623 1607 675 hane
1623 618 1785 686 ἐπιείκειαν,
1801 623 1873 688 qnod
1893 626 1988 689 pirrum
2009 625 2076 690 ide,
2099 631 2195 693 partim

180 701 244 755 anis
261 698 427 749 satisfactura
445 712 512 759 esse,
527 697 621 762 Neque
637 704 725 746 umen
741 694 849 746 difficile
867 696 919 745 erit
935 695 1012 760 plura
1027 694 1164 758 colligere,
1215 701 1324 761 prepter
1339 708 1402 743 suos
1420 692 1503 743 cultus
1520 702 1547 742 et
1562 706 1646 761 opere
1662 699 1885 757 comequereutur
1906 696 2027 758 gratiam.
2061 694 2117 748 Sed
2132 699 2200 749 talea

179 769 205 821 ai
222 766 349 818 caihaco
366 782 421 819 non
437 766 608 818 satisfacient.
1216 777 1302 828 nequ
1324 775 1430 828 paceni,
1456 775 1540 827 neque
1566 763 1694 813 noticiam
1719 761 1773 813 Dei
1795 764 1921 826 consequi
1943 777 2058 829 anquam
2079 773 2198 830 possunt,

249 836 336 888 Porro
353 850 409 893 non
425 850 513 886 sunus
529 834 598 884 adeo
614 832 732 895 hebetes,
749 845 781 883 ιο
798 832 857 882 sine
873 831 1007 882 communi
1028 845 1120 890 ιιιιι,
1136 839 1166 882 ιι
1216 831 1279 895 quia
1295 831 1364 881 euim
1380 832 1512 881 ίιιιιιιιιι
1535 832 1563 882 in
1587 845 1665 896 opus,
1689 838 1717 881 et
1736 832 1870 896 propriam
1891 831 2036 894 iusticiam,
2059 842 2087 883 et
2106 834 2200 885 rident

179 919 235 958 aon
253 906 390 955 videamus
408 905 469 971 quid
486 904 583 954 haheat
599 901 768 951 absurditatis
785 900 884 963 dicere,
902 899 970 965 (sci.
989 914 1007 949 n
1024 900 1074 963 ib)
1091 898 1164 965 qued
1216 914 1274 951 ιω
1291 900 1450 951 immundam
1468 913 1536 960 esse,
1554 898 1645 950 rident
1661 914 1690 949 ιι
1708 914 1760 949 non
1777 900 1929 951 sansncsre
1945 901 2008 965 lcgi,
2029 902 2090 952 ideo
2105 903 2197 968 despe-

180 974 234 1027 nde
251 974 420 1025 iustiicemnr
436 982 544 1038 propter
560 970 700 1032 christum,
719 976 746 1019 et
762 984 816 1021 uon
840 976 947 1035 propter
964 983 1045 1034 opera
1065 974 1164 1029 noema,
1215 976 1305 1020 ιιιιιι
1322 968 1387 1018 nihil
1404 975 1503 1033 petunt,
1521 976 1567 1018 snt
1583 974 1657 1018 certo
1673 968 1919 1033 expectsntaDee.
1948 969 1991 1020 Ita
2007 984 2137 1035 nunqnam
2155 972 2196 1023 di·

180 1044 300 1095 videmus
318 1050 345 1092 et
360 1042 412 1107 ipsi
428 1055 483 1091 non
501 1041 601 1103 deesse,
618 1040 662 1104 qui
680 1039 746 1089 illud
764 1039 899 1089 obiiciant.
931 1037 1067 1089 Faciamus
1085 1036 1165 1099 mala,
1189 1058 1192 1075 ι
1215 1045 1292 1088 soum
1317 1051 1398 1087 nosse
1423 1039 1534 1101 gratiam
1564 1044 1591 1086 et
1607 1038 1810 1087 misericordiam
1831 1036 1899 1099 Del,
1925 1052 2059 1102 nunqnam
2084 1040 2198 1104 damna

180 1120 210 1163 et
226 1111 349 1161 euenisnt
367 1111 444 1160 bona
478 1110 571 1175 Itaque
587 1107 660 1158 nullo
678 1107 757 1157 modo
774 1107 843 1157 hanc
861 1107 1023 1157 exclusinam
1041 1104 1165 1157 deiende
1187 1086 1193 1157 Ι
1215 1107 1287 1170 quod
1304 1105 1378 1157 Deua
1401 1106 1512 1155 exaudit
1532 1106 1695 1157 innoeentes.
1731 1104 1820 1167 Quare
1843 1107 1902 1167 isti,
1929 1108 1974 1170 qui
1998 1108 2095 1158 docent
2115 1108 2198 1161 conii·

179 1195 276 1242 ιωιι,
292 1180 344 1228 ιίιί
361 1179 500 1229 autoritate
517 1177 664 1243 scripturae
686 1189 853 1239 cogeremur,
877 1177 928 1226 nisi
950 1176 1084 1240 pertinere
1108 1188 1166 1225 eatn
1187 1160 1193 1253 Ι
1215 1175 1281 1227 dere
1296 1175 1408 1239 propriis
1425 1175 1535 1237 meritis,
1551 1188 1599 1224 sen
1616 1189 1726 1240 qaerere
1743 1177 1855 1238 gratiam
1874 1181 1901 1225 et
1918 1190 2010 1241 paoem
2025 1190 2072 1241 per
2088 1180 2197 1244 propria

181 1249 216 1299 ad
232 1249 344 1314 gloriam
362 1247 460 1299 Christi
476 1247 658 1305 indicaremus,
675 1245 717 1294 oni
735 1243 882 1295 detrahitur
899 1244 985 1294 honos
999 1242 1164 1293 iustificatio-
1187 1258 1193 1337 Ι
1214 1257 1297 1307 opera
1324 1244 1393 1294 male
1418 1244 1559 1293 consulunt
1583 1243 1730 1306 Ecclesiae,
1757 1244 1819 1308 quia
1842 1252 1870 1293 et
1892 1245 2065 1296 conscientas
2087 1246 2197 1311 pauidus
2259 1278 2263 1287 ·

179 1319 239 1380 a'n,
256 1331 314 1367 cum
331 1316 455 1366 tribuitur
471 1316 567 1365 nensis
584 1314 716 1378 operibus.
900 1331 903 1336 ·
1214 1312 1350 1363 adducunt
1365 1312 1401 1362 sd
1418 1310 1643 1375 desperationem,
1668 1320 1694 1361 et
1711 1314 1869 1376 extinguunt
1886 1315 2012 1363 noticiam
2029 1314 2094 1376 Dei,
2112 1315 2197 1367 cultus

248 1385 287 1435 Δι
302 1384 425 1435 iortsssis
444 1384 551 1433 obiiclet
568 1383 678 1446 aliquis,
695 1380 840 1431 desiderari
861 1382 888 1430 iu
911 1381 990 1431 nobis
1010 1375 1164 1431 ἐπιιίιιιιν.
1187 1350 1193 1442 Ι
1216 1381 1331 1444 ιιίςιιιι,
1347 1382 1375 1430 in
1392 1380 1484 1444 qulbus
1503 1381 1601 1431 colitur
1617 1381 1691 1431 Dens
1707 1381 1741 1432 ab
1758 1382 1860 1444 ignaris
1877 1388 1904 1432 et
1917 1383 2093 1433 nescientibus
2110 1390 2198 1437 etrum

181 1452 247 1505 curn
264 1455 335 1503 enim
352 1454 481 1517 scriptura
497 1453 563 1501 alias
580 1452 679 1501 tribuat
702 1449 914 1513 iustificationem
937 1448 1074 1514 operibus,
1098 1449 1164 1498 allas
1187 1455 1194 1531 Ι
1215 1450 1348 1510 exaudiat,
1365 1455 1450 1499 ιιιιω
1466 1449 1592 1514 respiciat
1608 1450 1690 1500 Dens.
1724 1451 1761 1501 Bi
1780 1451 1864 1501 cultus
1880 1464 1935 1501 non
1954 1451 2083 1501 delectant
2100 1452 2198 1504 Deam.

180 1522 258 1584 ndei,
280 1523 411 1572 commodi
433 1518 631 1585 interpretcs’)
655 1533 712 1569 esse
738 1520 789 1570 ista
812 1519 984 1581 coniungere,
1008 1526 1035 1567 et
1060 1517 1165 1578 docere,
1214 1519 1253 1569 Δι
1267 1517 1365 1569 Paulus
1382 1517 1623 1582 inqnltlustiiicati
1641 1534 1675 1569 ex
1691 1518 1744 1569 lide
1762 1534 1851 1585 pacem
1869 1519 2003 1570 Ιιιίιωιιι.
2035 1520 2110 1571 Tenc
2127 1524 2198 1573 enirn

181 1593 253 1657 qnod
271 1590 390 1640 homines
408 1588 587 1649 instificentur,
604 1590 699 1653 μιιίιι
715 1586 767 1638 nce
786 1589 813 1637 in
832 1586 981 1648 Christum,
999 1587 1093 1652 partim
1111 1599 1164 1635 me·
1215 1588 1356 1652 acquiescit
1373 1600 1435 1648 cor,
1454 1602 1513 1635 cum
1531 1588 1615 1637 credit
1631 1596 1658 1637 et
1682 1596 1755 1638 certo
1780 1589 1885 1651 statuit,
1904 1590 1975 1652 qnod
1997 1588 2071 1639 Deus
2091 1598 2199 1655 propter

180 1661 239 1711 ritis
256 1659 356 1709 nostris
373 1672 420 1708 seu
437 1666 543 1723 propter
565 1656 635 1708 bons
655 1670 744 1720 opera
779 1656 853 1707 Haec
876 1648 1008 1705 tucceta
1032 1654 1164 1705 rideretur
1215 1653 1348 1706 Christum
1365 1657 1592 1719 gratisignosoat,
1609 1664 1637 1706 et
1654 1656 1785 1706 exandiat.
1812 1655 1896 1722 quue
1910 1659 2056 1723 assequitur
2072 1659 2198 1709 noticiam

180 1728 276 1779 multas
294 1728 487 1777 controuersias
504 1725 607 1776 tollere
642 1726 687 1775 Ad
703 1724 755 1776 hoc
778 1725 889 1789 primum
911 1725 950 1774 ita
969 1723 1163 1787 mpcndemua
1214 1723 1275 1789 Dei.
1291 1738 1349 1774 cum
1368 1732 1490 1788 expectat
1507 1730 1534 1775 et
1550 1726 1646 1789 accipit
1663 1740 1679 1775 a
1701 1726 1760 1777 Dec
1784 1725 1990 1777 consolationem
2014 1732 2040 1776 ιι
2063 1728 2198 1779 auxilium.

180 1797 236 1848 Cur
254 1796 322 1846 hanc
338 1790 489 1845 ἐπιείκειαν
505 1808 560 1846 ιιι
578 1795 719 1858 persuadet
736 1793 909 1854 aduenariis,
932 1793 977 1857 qul
1000 1791 1067 1842 nihil
1090 1805 1164 1857 pror·
1215 1790 1291 1853 Quae
1308 1808 1366 1843 cnm
1382 1796 1422 1843 ita
1437 1795 1500 1856 siut,
1518 1794 1595 1844 ctiam
1613 1800 1691 1858 atque
1709 1796 1787 1845 ιιίω
1805 1794 1945 1845 ridendum
1964 1801 2003 1844 est
2026 1795 2094 1861 (fei.
2112 1810 2130 1845 n
2148 1797 2198 1864 4⁸)

180 1880 225 1916 aus
243 1865 277 1914 de
292 1865 397 1915 iusticia
412 1864 476 1913 fidei
489 1863 609 1914 docenti
635 1863 703 1913 Cum
725 1864 759 1912 de
776 1861 828 1911 fide
848 1861 980 1922 accibant,
1000 1876 1033 1911 sc
1055 1861 1164 1923 loqunn·
1215 1860 1306 1923 nobis,
1324 1875 1357 1911 ne
1376 1861 1522 1911 doctrinam
1539 1862 1649 1923 deiide,
1667 1876 1734 1928 qnae
1751 1864 1835 1927 gratis
1860 1863 2030 1930 apprehendit
2051 1864 2200 1915 misericor·

180 1942 223 1984 tur
240 1941 340 1983 tanturn
357 1933 563 1997 interpretantur
579 1931 657 1981 iidem
676 1930 709 1980 de
726 1931 828 1981 noticia
842 1928 984 1991 historiae,
1008 1944 1062 1978 non
1079 1929 1164 1994 requi·
1216 1930 1290 1985 dium
1304 1929 1367 1992 Dei,
1384 1932 1514 1996 corrumpi
1532 1932 1662 1993 sinamus,
1679 1932 1797 1982 admixta
1812 1932 1902 1997 aliqua
1926 1932 2051 1997 opinione
2075 1932 2199 1997 hnmana,

180 2010 243 2052 rant
259 2001 327 2053 hanc
349 2001 443 2064 fldem,
467 2008 591 2066 tanquam
614 2000 802 2061 necessariam,
829 1999 864 2048 ad
885 1997 1111 2058 lnstlicstionem,
1134 2004 1165 2047 ιι
1215 1998 1368 2049 blandiente
1393 2000 1421 2048 in
1448 2002 1574 2065 speciem,
1601 2014 1669 2066 qaae
1692 2008 1777 2050 tamen
1801 2001 1891 2051 obruit
1915 2008 1943 2051 et
1965 2002 2094 2065 extinguit
2111 2002 2200 2065 iidem,

181 2071 318 2121 eredamm
336 2070 530 2135 quodpropter
554 2069 687 2119 Christum
709 2070 788 2118 simin
810 2068 912 2132 accepti
933 2065 1009 2129 Deo,
1032 2067 1165 2148 qnodtitta
1215 2066 1356 2131 Nunquam
1372 2070 1500 2132 consequi
1517 2069 1641 2119 noticiam
1659 2068 1712 2119 Dei
1734 2077 1762 2118 et
1783 2067 1896 2131 Christi,
1920 2084 2052 2135 nunqnam
2074 2072 2201 2137 consequi

179 2136 1166 2271 immittit?..tittt‘tiizttitlimt'uitsslii
1215 2139 1562 2271 niwiiiiii
1577 2145 1841 2271 inuitae?
1858 2139 2201 2271 tiulfittzitlt

179 2274 234 2328 Sed
253 2279 310 2327 sine
327 2275 379 2326 bac
394 2276 446 2325 lide
464 2275 670 2336 misericordiae,
680 2283 707 2323 et
723 2274 825 2340 gratiae
834 2273 897 2334 Dei,
913 2271 1015 2336 fingunt
1033 2272 1164 2323 hominem
1213 2288 1316 2341 pacem.

179 2345 220 2395 sie
236 2346 353 2410 reputari
370 2345 467 2394 iustam
486 2358 576 2393 coram
593 2342 663 2406 Deo,
680 2358 739 2393 cnm
756 2342 836 2393 habet
858 2342 976 2392 habiturn
999 2342 1074 2391 illum
1098 2340 1165 2391 eari-
1286 2339 1440 2407 Quanquam
1467 2349 1554 2391 autem
1578 2356 1655 2408 saepe
1679 2344 1732 2393 iem
1754 2343 1975 2408 siguificanimna,
1997 2342 2068 2408 qnod
2092 2345 2200 2397 dilectio

180 2414 260 2475 tatis,
288 2420 315 2464 et
336 2412 389 2463 hoo
415 2413 520 2464 adiutus
541 2413 607 2461 bone
629 2419 761 2477 operatur.
797 2410 869 2472 Quid
895 2410 939 2460 hic
956 2411 1013 2473 agit
1029 2408 1165 2477 cbristus?
1217 2418 1245 2462 et
1261 2409 1331 2461 bona
1347 2422 1429 2475 opera
1444 2411 1518 2474 sequi
1534 2410 1613 2461 iidem
1632 2412 1753 2473 debeant,
1771 2422 1859 2465 tamen
1878 2421 1906 2463 et
1922 2420 1951 2461 vt
1967 2416 2100 2464 sentencia
2124 2414 2205 2466 clare¹

105 2532 108 2537 ,
181 2480 236 2533 vbi
253 2481 283 2532 fit
299 2482 342 2532 hic
359 2483 456 2532 mentio
475 2481 546 2543 iidci,
564 2488 591 2529 et
608 2480 843 2546 apprehendendae
860 2479 1064 2530 misericordiae.
1089 2477 1165 2527 Adeo
1215 2478 1332 2543 intelligi
1348 2481 1454 2545 possit,
1467 2487 1495 2531 et
1515 2488 1544 2529 ιι
1560 2480 1608 2531 iila
1629 2481 1690 2531 loca
1711 2483 1888 2546 explicemus,
1909 2495 1975 2547 qnae
1998 2485 2081 2533 citant
2106 2483 2200 2535 aduer·

180 2552 210 2601 in
227 2552 379 2602 rninersnns
396 2550 446 2600 init
464 2563 588 2614 oppressa
605 2551 711 2600 iusticia
726 2547 804 2610 iidei,
822 2556 849 2599 ιι
865 2563 898 2598 ne
914 2562 975 2613 pars
998 2547 1104 2613 quidem
1126 2548 1165 2597 iu·
1216 2550 1281 2601 sarii
1299 2547 1479 2610 defendentes,
1496 2549 1568 2613 quod
1586 2549 1692 2601 dilectio
1710 2550 1842 2611 instificet,
1860 2562 1887 2600 et
1903 2550 2093 2616 quodpropter
2109 2561 2201 2609 nostra

181 2619 348 2670 sdicstinnis
364 2619 523 2670 tribueretur
538 2618 599 2667 hnic
616 2619 687 2679 fidei,
706 2618 738 2667 dc
755 2632 808 2682 qua
824 2616 867 2667 hic
883 2616 1023 2682 loquimur,
1038 2629 1166 2680 quaencn
1217 2631 1299 2683 opera
1315 2616 1494 2679 iustihcemur,
1508 2632 1543 2668 ne
1560 2616 1630 2667 idem
1647 2619 1751 2683 saepius
1768 2618 1937 2684 repetendum
1962 2620 2011 2681 sit,
2035 2620 2079 2671 hic
2103 2620 2136 2669 de
2160 2620 2199 2671 di·

180 2695 285 2739 tantnm
302 2687 429 2738 historiae
444 2688 546 2737 noticia
562 2695 617 2747 est,
634 2686 682 2737 sed
700 2686 781 2735 sentit
800 2685 878 2736 nobis
901 2684 967 2749 (sol.
991 2700 1009 2733 n
1026 2685 1075 2749 ³⁸)
1100 2698 1165 2748 cpua
1216 2686 1330 2737 lectione
1360 2694 1387 2734 et
1409 2685 1483 2734 bonis
1508 2687 1629 2752 operibus
1655 2687 1734 2737 scauel
1761 2687 1983 2752 respondebimus.
2018 2688 2150 2739 Docemns
2174 2695 2201 2738 et

181 2771 241 2806 ease
265 2755 458 2817 misericordis,
489 2763 515 2804 et
536 2756 628 2805 statuit
649 2770 698 2805 noa
722 2762 794 2805 certe
812 2755 937 2819 consequi
957 2752 1166 2804 misericordiam
1216 2769 1266 2805 nos
1285 2754 1452 2805 dilecdoacm
1469 2754 1535 2815 Dei,
1552 2762 1650 2805 motum
1667 2768 1733 2817 esse,
1750 2769 1826 2817 quem
1844 2758 1950 2820 spiritns
1972 2764 2078 2806 unctus
2100 2759 2128 2807 in
2149 2756 2199 2809 ho-

179 2823 535 2890 prepterchriseun,1dcc
551 2824 637 2873 nostri
654 2824 723 2875 hene
746 2838 777 2874 ao
798 2825 917 2888 preclara
940 2822 1072 2883 fecemnt,
1094 2821 1166 2887 qued
1188 2832 1193 2947 1
1215 2824 1285 2875 nine
1302 2823 1445 2884 uescitat,
1467 2829 1494 2873 et
1511 2824 1634 2874 docemus
1657 2824 1730 2888 qnod
1746 2824 1812 2874 haec
1830 2825 1954 2888 dilectio,
1967 2831 2003 2881 ‚et
2024 2825 2096 2875 bona
2117 2839 2200 2889 opera

179 2907 270 2943 rursus
288 2896 459 2943 omuderunt
474 2891 600 2943 Beeleeiis
616 2893 746 2943 iusticiam
768 2892 847 2953 idei,
869 2892 936 2941 adeo
959 2891 1086 2956 sepultam
1109 2889 1166 2956 phi
1214 2891 1293 2957 aequi
1307 2890 1389 2943 fidem
1403 2890 1527 2945 debeant.
1563 2890 1684 2943 Christus
1701 2892 1771 2943 enlm
1786 2894 1869 2957 venit,
1886 2900 1916 2943 ιι
1931 2907 1986 2945 uon
2002 2893 2088 2945 solnm
2104 2909 2198 2946 recon-

180 2962 326 3027 losophicis
343 2961 567 3027 disputacionlbss
589 2962 813 3012 scholasticum.
847 2959 920 3020 Quid
936 2968 977 3010 ιιι
998 2961 1070 3010 enisa
1091 2960 1165 3011 insti·
1187 2994 1192 3051 3
1217 2962 1306 3012 tiliato
1323 2966 1406 3025 putre,
1424 2960 1530 3021 tolleret
1546 2968 1690 3025 peccatum,
1708 2961 1870 3025 sedetiam,
1887 2970 1916 3011 ιι
1938 2960 2054 3013 aboleret
2076 2969 2197 3015 mortem.

117 3056 122 3063 ·
180 3030 269 3082 acatio
286 3031 341 3091 ills,
359 3031 416 3080 sino
433 3030 484 3080 hac
499 3028 554 3079 ilde
570 3031 598 3081 in
616 3029 759 3092 Christum,
775 3030 825 3079 nisi
843 3028 1011 3095 philosophia
1027 3028 1165 3092 quaedam,
1188 3062 1191 3083 ;
1214 3028 1307 3095 Itaque
1325 3028 1387 3079 dato
1405 3028 1498 3093 spiritu
1515 3030 1731 3095 saneto-,inchoat
1744 3031 1774 3081 in
1788 3031 1953 3097 credentibus
1969 3031 2050 3081 sitam
2063 3037 2199 3095 aeternam

180 3106 227 3149 ant
251 3106 324 3149 certe
346 3098 513 3149 Iudaismus?
548 3097 639 3163 Itaque
661 3097 705 3148 isti
728 3099 774 3161 qui
798 3110 867 3146 nunc
889 3110 906 3147 ι
926 3097 1003 3147 nobis
1029 3097 1166 3161 requirnnt
1187 3098 1192 3153 i
1215 3096 1370 3164 qenehabet
1378 3112 1463 3147 nouos
1473 3094 1592 3163 effectus,
1601 3113 1685 3149 nonos
1696 3105 1793 3149 motus.
1809 3096 1912 3149 Natura
1920 3098 2033 3149 humans
2041 3098 2200 3164 sinespirltn

180 3168 248 3219 tales
271 3163 431 3228 ἐπιεικείας,
453 3166 562 3217 iubeant
575 3168 653 3231 prise
676 3167 844 3217 ιιίιιιιιιίοι
867 3180 969 3215 emines
994 3180 1057 3216 suos
1079 3180 1164 3230 agno·
1187 3172 1193 3229 i
1213 3174 1306 3219 sancto
1324 3178 1378 3217 uon
1394 3167 1480 3226 nouit,
1496 3181 1550 3217 non
1568 3169 1643 3219 timet
1656 3168 1753 3228 Deum,
1769 3168 1926 3231 ncncredit
1942 3166 2017 3230 Deo,
2035 3166 2200 3221 nonstatoit

180 3250 262 3298 ιοιιο,
279 3244 308 3286 et
323 3250 361 3285 ex·
373 3236 495 3286 Ecclesia
510 3236 614 3285 eiicere.
640 3236 700 3287 lico
716 3238 741 3286 si
757 3241 900 3299 grauanter
916 3234 1019 3298 iacere,
1036 3234 1164 3285 nonexi·
1187 3240 1192 3309 j
1215 3240 1288 3291 certo
1307 3248 1366 3285 eum
1383 3232 1485 3299 adesse,
1501 3238 1631 3301 respicere
1648 3243 1695 3285 aut
1712 3236 1837 3285 exaudire
1849 3235 1985 3299 ,homiues
2003 3236 2080 3288 Sicut
2095 3236 2141 3286 ille
2158 3238 2198 3286 ine

180 3312 246 3370 gant
263 3319 280 3354 ι
302 3305 378 3355 nobis
402 3305 480 3355 talem
506 3299 657 3353 intricatas
679 3318 747 3368 quae
767 3304 980 3355 aduersariorum
1001 3316 1105 3353 errores
1128 3303 1164 3353 ad
1188 3336 1192 3365 ,
1215 3308 1280 3369 quit.
1314 3296 1452 3357 Sollicitor
1469 3304 1555 3354 nullos
1574 3319 1630 3355 esse
1646 3310 1738 3370 putare
1755 3302 1845 3367 Deos,
1863 3304 1929 3356 nibil
1947 3320 1964 3355 a
1985 3304 2047 3356 Deo
2070 3311 2199 3370 expectat

180 3380 282 3438 tempus
300 3380 393 3438 tegere
406 3374 522 3435 videtur,
540 3378 571 3422 tt
586 3374 609 3422 si
627 3374 728 3423 semina
745 3373 862 3423 heserint
877 3374 905 3423 in
929 3370 1049 3421 liecleela
1074 3372 1164 3436 paula·
1188 3414 1191 3419 .
1215 3380 1261 3423 ant
1276 3372 1352 3439 petit,
1370 3379 1469 3423 tantum
1487 3374 1560 3423 nouit
1577 3388 1619 3425 res
1636 3376 1734 3425 rationi
1749 3372 1890 3437 subiectas,
1905 3374 1953 3425 hos
1971 3373 2058 3441 timet,
2074 3372 2124 3439 his
2135 3386 2200 3423 con·

179 3444 228 3493 tin
245 3448 331 3493 ιωιιι
347 3442 514 3508 repullulent.
553 3440 691 3492 Caeterum
714 3442 793 3507 paulo
816 3449 877 3506 post
899 3441 1016 3492 dicemus
1030 3440 1164 3506 quomedo
1188 3442 1192 3461 ¹
1214 3441 1282 3504 adit,
1299 3441 1347 3491 bas
1365 3441 1431 3504 edit,
1447 3441 1496 3491 has
1511 3450 1592 3493 amat.
1608 3504 1611 3511 ,
1628 3441 1694 3494 Cum
1712 3456 1775 3493 sero
1793 3445 1873 3493 scutit
1888 3456 1917 3491 se
1933 3440 2045 3495 iudicari
2067 3449 2095 3491 ct
2110 3440 2199 3507 puniri

180 3511 313 3561 tribuatur
330 3511 483 3561 iudicatio
499 3510 630 3575 operibns.
665 3511 773 3562 interim
791 3512 875 3561 sciant
884 3510 1165 3561 lectores-nouitium
1188 3464 1192 3557 Ι
1215 3524 1232 3561 ι
1255 3510 1330 3572 Deo,
1356 3511 1414 3559 odit
1438 3509 1523 3560 Deum
1550 3512 1709 3562 iudicantem
1735 3517 1780 3559 aut
1805 3506 1971 3572 affligentem.
2006 3506 2062 3577 Segi
2084 3512 2130 3573 qui
2150 3523 2199 3575 per

180 3573 329 3630 Insctatur
345 3582 399 3630 nen
417 3580 545 3644 recipere,
563 3584 592 3631 ιι
613 3580 761 3630 luctificatio
774 3581 879 3645 partin
900 3580 1030 3630 tribuatur
1051 3579 1114 3627 iidei
1136 3578 1163 3628 in
1188 3600 1192 3639 ÷
1214 3578 1389 3643 Euangelium
1416 3580 1517 3644 accepit
1545 3581 1724 3629 remissionem
1749 3585 1917 3641 peccatorum
1939 3586 1967 3628 et
1988 3579 2198 3628 consolationem
2254 3640 2257 3645 Ι

180 3648 328 3710 christum,
349 3649 445 3714 partim
467 3649 567 3698 meritis
589 3649 700 3711 nocuis,
717 3650 792 3712 qnasi
816 3656 907 3699 nostra
929 3661 1011 3713 opera
1032 3648 1085 3697 rint
1106 3661 1164 3712 pre·
1189 3652 1192 3659 “
1216 3649 1244 3697 in
1268 3646 1376 3699 Christo
1401 3647 1523 3697 donnum
1548 3653 1574 3694 et
1595 3646 1648 3695 iide
1661 3644 1853 3696 'reconciliatus
1876 3645 1942 3710 (fel.
1959 3661 1977 3695 n
1994 3646 2044 3713 db)
2068 3654 2108 3696 ιιι
2128 3647 2198 3709 Deo,

180 3718 249 3767 dnm
267 3724 294 3766 et
310 3716 464 3781 propiciatio
481 3723 590 3781 propter
607 3731 684 3780 qnam
700 3716 883 3766 reconcilietur
900 3716 987 3781 Deus,
1010 3718 1072 3782 quis
1093 3717 1164 3766 solus
1187 3686 1193 3785 Ι
1214 3718 1268 3766 iam
1286 3722 1393 3779 accepto
1411 3713 1503 3780 spirito
1521 3720 1621 3776 ιιιοιο,
1638 3714 1730 3778 lnclplt
1747 3728 1824 3763 nosse
1842 3712 1940 3775 Deum,
1958 3728 2022 3765 rere
2042 3717 2122 3765 sentit
2139 3728 2198 3765 eum

181 3784 301 3836 Christus
318 3786 468 3849 propositus
491 3792 531 3834 cst
553 3783 646 3844 nobis,
674 3792 703 3834 ιι
727 3787 762 3834 sit
784 3787 951 3848 propiciator.
987 3786 1071 3835 Huius
1093 3798 1164 3834 mors
1187 3790 1193 3837 Ι
1215 3784 1294 3834 irasci
1311 3789 1435 3850 peccato,
1453 3796 1516 3832 vere
1533 3784 1611 3831 sentit
1633 3796 1692 3832 enm
1715 3783 1868 3846 ignoscere,
1893 3785 1968 3833 iuxta
1989 3784 2198 3850 promissionem,

180 3860 223 3904 est
238 3852 346 3902 victima
362 3860 389 3901 et
402 3852 567 3912 sethiactio,
590 3860 697 3916 propter
720 3867 797 3917 quam
820 3854 1005 3903 reconciliatur
1025 3852 1099 3903 Dens
1122 3852 1165 3901 his
1217 3852 1285 3902 Vere
1302 3852 1383 3901 scutit
1400 3864 1458 3900 eum
1476 3852 1614 3916 respicere,
1632 3852 1767 3911 exaudire,
1786 3860 1813 3900 et
1830 3852 1922 3901 inuare
1937 3867 1996 3904 nos.
2021 3851 2110 3903 Sensit
2127 3854 2198 3903 enlm

180 3922 226 3986 qni
244 3922 375 3985 accipiunt
392 3920 507 3969 oblatam
525 3922 725 3985 promissionem
747 3923 864 3983 gratiae,
886 3920 937 3970 hoo
960 3928 1016 3981 ιιι,
1038 3922 1083 3984 qni
1105 3934 1164 3969 ere-
1216 3922 1282 3971 lram
1308 3918 1360 3970 Dei
1387 3921 1512 3969 aduersus
1533 3930 1682 3985 peecatum,
1705 3922 1788 3971 sensit
1808 3934 1867 3969 eum
1889 3920 1941 3971 lide
1959 3922 2088 3972 consolari
2106 3920 2197 3973 corda

181 3991 248 4039 dunt
265 3989 316 4039 sibl
332 3988 419 4039 Deum
443 3988 573 4052 placatum
595 3996 622 4039 οι
643 3989 789 4054 propicium
811 4003 870 4039 esse
894 3998 1000 4054 propter
1021 3987 1164 4039 Christum.
1215 3990 1308 4053 itaque
1333 3989 1385 4039 lam
1415 3991 1471 4051 agit
1497 3990 1594 4055 gratias
1619 3986 1694 4054 Deo,
1722 4003 1783 4040 rere
1806 3988 1858 4039 iam
1884 3988 1985 4054 diligit,
2013 4004 2073 4039 sere
2097 3990 2197 4053 laudat,

183 4054 273 4117 (lnam
299 4064 325 4106 et
341 4059 468 4122 scriptura
491 4064 564 4107 vetut
584 4057 749 4107 contundere·
767 4058 862 4107 merita
884 4056 1001 4117 Christi,
1022 4064 1051 4106 et
1072 4056 1167 4105 merita
1216 4072 1270 4107 non
1289 4064 1412 4121 tanquam
1429 4056 1547 4108 ociosum
1564 4058 1706 4119 dominnm,
1724 4058 1771 4108 sed
1787 4058 1912 4109 attalem
1930 4058 1974 4123 qui
1992 4059 2197 4121 sercexsndiat,

180 4141 289 4192 opernm
306 4130 461 4188 nostorum,
479 4125 554 4175 addit
571 4126 731 4175 exclueinam
748 4126 914 4191 particulam,
937 4141 993 4175 cum
1018 4124 1114 4174 tribuit
1127 4126 1165 4175 iu·
1217 4132 1244 4175 et
1265 4126 1347 4175 iuuet.
1381 4124 1492 4175 inuocat
1512 4129 1540 4177 in
1565 4127 1685 4177 omnibns
1705 4126 1844 4191 periculis,
1867 4127 2004 4177 connector
2021 4126 2143 4188 verbnm,
2170 4132 2198 4176 et

180 4195 365 4246 unctionem
380 4194 451 4255 lidei,
467 4196 518 4244 Ait
533 4195 602 4244 enim
620 4195 707 4258 gratia
722 4196 818 4245 salusti
832 4198 895 4245 estis
913 4209 960 4260 per
977 4193 1066 4249 iidem.
1089 4193 1162 4256 Item,
1216 4194 1336 4260 predicat
1352 4208 1415 4243 sera
1432 4208 1488 4244 esse
1505 4209 1573 4259 quae
1589 4194 1663 4246 Deus
1681 4198 1715 4245 dc
1733 4196 1908 4261 repromittit
1929 4196 1956 4246 ln
1980 4196 2123 4260 scripturis.
2159 4192 2196 4245 m

179 4264 345 4315 arbitramur
362 4263 494 4314 homiuem
512 4263 647 4313 iustificari
664 4263 717 4313 lide
733 4264 791 4313 sine
808 4265 939 4329 operibns.
974 4264 1025 4313 iiic
1048 4262 1165 4312 ridemus
1216 4269 1278 4313 aunt
1293 4266 1359 4313 noui
1375 4270 1471 4324 motus,
1488 4266 1532 4328 qui
1548 4265 1720 4314 nullomodo
1745 4266 1843 4314 cudunt
1864 4266 1893 4315 in
1915 4274 2034 4314 naturam
2057 4262 2197 4313 humanam

182 4333 329 4384 exclnsluss
359 4333 502 4397 particulas
525 4332 596 4384 addi.
631 4332 828 4383 Eccum-cum
851 4333 884 4382 de
906 4332 1026 4398 operibus
1049 4331 1165 4396 loquitur
1217 4332 1274 4383 sine
1291 4332 1385 4397 spiritu
1402 4340 1502 4397 sancto,
1520 4339 1546 4382 et
1562 4341 1624 4385 sunt
1640 4347 1721 4398 opera
1736 4333 1835 4399 primae
1852 4333 1958 4384 tsbulae
1982 4332 2111 4395 decalogi.
2145 4332 2197 4382 Αο·

179 4416 233 4453 non
251 4402 367 4451 excludit
383 4401 469 4462 iidem,
487 4401 540 4450 imo
558 4415 718 4467 magnopere
733 4402 844 4466 requirit
861 4416 927 4453 eam.
964 4401 1030 4455 Sino
1047 4399 1107 4462 flde,
1125 4399 1167 4451 in·¹
1217 4400 1313 4451 cedunt
1330 4407 1356 4450 ιι
1373 4400 1440 4452 aliae
1457 4400 1574 4463 virtutes,
1592 4398 1656 4467 qna's
1674 4402 1790 4452 secunda
1806 4402 1896 4452 tabula
1908 4402 2029 4466 requirit,
2043 4398 2134 4451 Struit
2148 4412 2196 4450 ιο·

181 4471 245 4536 quit,
263 4469 421 4535 impossibile
439 4478 480 4521 οιι
496 4470 557 4521 Deo
573 4470 686 4535 placere,
704 4484 756 4534 qus
771 4472 799 4520 in
817 4484 846 4519 re
863 4469 988 4531 ostendit,
1006 4469 1077 4532 quod
1095 4468 1165 4517 bona
1216 4470 1314 4523 curioni
1331 4482 1401 4531 suae,
1419 4484 1473 4519 uon
1490 4478 1521 4521 rt
1536 4468 1654 4520 homines
1671 4469 1754 4536 impii,
1771 4470 1828 4521 sine
1845 4470 1927 4525 serbo
1945 4476 1972 4519 et
1993 4468 2117 4520 mandato
2134 4468 2195 4521 Dei.

180 4553 262 4604 opere
279 4547 379 4589 tanturn
396 4544 503 4604 propter
519 4538 597 4588 iidem
615 4539 744 4604 placeant,
762 4539 864 4605 (subn
881 4539 934 4605 bb)
951 4553 1004 4589 nun
1022 4536 1095 4601 qnod
1110 4536 1165 4587 sint
1214 4538 1321 4588 Nullam
1337 4539 1414 4589 enim
1437 4540 1604 4589 rotationem
1631 4540 1688 4589 sine
1704 4540 1829 4591 mandato
1846 4538 1899 4590 Dei
1933 4540 2015 4599 uerit,
2041 4546 2087 4588 ant
2113 4537 2197 4601 eligit,

235 4609 297 4658 inm
315 4615 342 4657 et
357 4608 525 4672 propiciatio,
542 4615 571 4656 ιι
587 4609 625 4658 ίιι
641 4609 795 4673 loquamur,
812 4604 846 4657 ex'
863 4621 944 4673 opere
968 4609 1087 4672 operato'.
1119 4605 1164 4654 Ad
1215 4606 1270 4659 Sed
1287 4607 1403 4672 seqnitur
1419 4608 1526 4656 verbnm
1542 4608 1595 4659 Dei
1613 4618 1639 4657 et
1656 4610 1721 4672 petit
1737 4610 1862 4659 auxilium
1887 4556 2000 4669 a‘bco,
2025 4607 2089 4657 colit
2111 4606 2193 4670 migi-

217 4690 248 4726 ec
273 4690 354 4741 supra
379 4677 555 4739 ostendimus,
577 4676 649 4740 qnod
675 4678 841 4740 regeneratio
864 4675 912 4726 ssat
936 4690 990 4725 non
1009 4688 1056 4740 per
1073 4687 1165 4738 opera,
1214 4684 1320 4738 matus,
1336 4691 1391 4725 non
1408 4683 1437 4725 ιι
1453 4675 1572 4727 homines
1589 4677 1665 4742 impii
1680 4686 1754 4728 metu
1769 4691 1880 4741 poenae,
1897 4675 1951 4726 Sed
1967 4676 2029 4740 quia
2046 4676 2126 4727 sentit
2141 4677 2194 4726 sin-

179 4746 228 4797 sed
246 4758 293 4810 per
315 4744 403 4794 iidem.
439 4744 474 4794 Et
496 4746 668 4795 certissimum
695 4752 736 4795 est
758 4752 856 4796 tantm
882 4745 934 4795 ide
956 4745 1025 4794 vinci
1050 4750 1164 4793 ιιποιιι
1215 4744 1308 4808 gulare
1332 4743 1384 4794 Del
1410 4743 1561 4795 beneficium
1587 4759 1659 4806 esse,
1685 4752 1767 4794 totam
1793 4746 1927 4810 politicam
1950 4744 2147 4795 ordinacionem
2169 4750 2197 4793 et

178 4814 281 4879 peccati
300 4820 327 4862 et
344 4813 446 4862 mortis.
478 4812 556 4864 Nunc
578 4816 600 4864 si
618 4815 772 4879 recipiamus
794 4814 868 4865 illam
889 4826 995 4864 snauem
1016 4808 1164 4861 ἰπιιίιιιιι
1216 4813 1379 4878 disciplinam
1397 4813 1424 4862 in
1441 4814 1631 4875 mundo,1deo
1649 4820 1772 4879 tauquam
1794 4814 1846 4865 Dei
1871 4815 1968 4865 donum
1993 4820 2145 4874 reseratur,
2168 4818 2197 4863 et

179 4881 244 4949 qnid
262 4890 334 4931 esset
349 4880 481 4944 fumeum,
497 4883 549 4932 nisi
573 4891 603 4933 ιι
623 4882 741 4933 homines
763 4890 918 4933 conarentur
941 4880 1164 4937 mederiterrltis
1214 4889 1300 4944 amat,
1318 4880 1405 4943 diligit
1426 4895 1550 4944 exorem,
1575 4890 1601 4932 et
1617 4881 1728 4943 llberos,
1753 4889 1825 4933 amet
1841 4884 2003 4945 castiutem,
2019 4889 2093 4934 amat
2107 4882 2196 4946 proxi·

181 4952 348 5002 conscientiis
365 4965 413 5015 per
429 4964 525 5016 opera,
543 4959 681 5016 quererent
701 4952 844 5014 sacrificia,
868 4953 952 5001 cultus
968 4964 1069 5011 nouos,
1092 4956 1164 5010 rota,
1214 4964 1294 5011 num,
1312 4957 1339 5000 ιι
1354 4949 1486 5000 benefacit
1503 4953 1595 5016 quibus
1613 4959 1708 5016 potent
1744 4950 1796 5001 Hic
1813 4952 2009 5016 etsi-quaedam
2030 4950 2127 5001 similis
2149 4963 2195 4999 ex·

181 5032 293 5083 οιωιο,
311 5019 459 5081 etsimilia,
476 5019 785 5084 clementissimae,
802 5020 991 5071 etsimilasin
1014 5018 1164 5070 afflictioni·
1186 5042 1194 5101 ᾗ
1215 5026 1291 5069 terna
1306 5032 1388 5085 opera
1404 5032 1511 5084 possunt
1526 5020 1645 5071 homines
1663 5034 1710 5085 per
1725 5020 1856 5071 ιιιίιιω
1879 5020 1995 5079 efficere,
2020 5026 2106 5069 tamen
2126 5018 2194 5069 ratio

179 5082 230 5141 bu's
248 5090 395 5156 querebant
411 5091 523 5153 gratiam
540 5098 568 5139 ιι
582 5102 675 5154 pacem
689 5090 760 5139 ιιιίο
777 5103 825 5154 per
839 5090 956 5141 maxima
967 5095 995 5138 et
1011 5086 1165 5139 difficillima
1214 5102 1293 5154 saepe
1314 5104 1332 5141 s
1354 5088 1461 5139 diabole
1483 5090 1635 5154 inpeditur,
1659 5100 1737 5155 saepe
1762 5088 1899 5141 ah'ecdb'as
1926 5088 2052 5151 vincinsr,
2074 5086 2128 5143 sec
2151 5086 2196 5151 qni

1215 5158 1299 5208 eredit
1316 5171 1345 5207 ιο
1363 5157 1468 5209 defendi
1487 5170 1514 5208 et
1530 5159 1589 5223 regi
1607 5172 1624 5209 ι
1639 5157 1699 5208 Deo
1716 5167 1825 5224 propter
1842 5156 1988 5220 Christum,
2012 5156 2137 5207 liberatus
2155 5160 2196 5205 eat

200 5222 232 5293 ⁸)
247 5223 313 5278 Sine
330 5226 411 5281 dubie
427 5226 583 5291 legendumc
599 5226 751 5296 ιἰιιιγιίι,
766 5225 796 5278 id
813 5226 885 5291 qacd
901 5226 985 5277 atism'
1001 5221 1164 5275 anehius
1215 5234 1378 5291 spctestate
1395 5227 1510 5289 diaboli,
1528 5236 1557 5277 ct
1573 5228 1653 5277 habet
1675 5226 1783 5277 ιίίοοιιι
1806 5227 1888 5287 alios,
1909 5240 1987 5291 quatu
2007 5231 2095 5277 ιιιιι.
2128 5222 2194 5275 Idea

251 5294 366 5347 'urhbro
383 5294 800 5367 nprsp.ttesq.lssdarc.p.
819 5292 1114 5349 tonent-saulieu
1215 5295 1699 5362 mohdtetbsncpsrtsmiea’s.
1725 5293 2196 5353 Italnmctisinchcstseatsita
