4786 6210
182 397 251 465 sc
630 390 1081 462 commemorarem
1102 389 1371 461 scansuros
1389 388 1448 456 ar
1466 346 1740 460 sassones.
1788 448 1792 457 .
2131 390 2204 459 stt

186 585 262 652 lloc
293 595 346 651 est
370 603 494 669 corpus
528 604 637 648 meum
666 583 756 668 quod
785 602 848 664 pro
880 578 979 646 robis
1010 582 1163 661 traditur,
1216 575 1274 665 ligi
1292 578 1404 655 debet,
1425 598 1493 642 non
1514 578 1704 666 imaginatio
1717 577 1902 658 Platonica,
1923 580 1984 645 sed
2007 568 2201 646 consolatio

187 671 250 738 llic
278 682 332 739 est
359 669 447 736 calix
473 670 551 733 noui
579 667 767 734 testamenti
796 678 859 732 etc.
905 666 953 731 lta
980 664 1063 732 fides
1086 689 1166 733 con·
1216 685 1303 750 quae
1325 684 1406 729 vere
1424 675 1592 729 sustentat
1610 664 1791 752 fugientem
1802 667 1903 731 vitam
1921 669 1954 730 in
1977 667 2200 732 contricione.

187 758 307 842 cipitur
339 767 372 822 et
400 754 613 820 confirmatur
643 775 704 839 per
730 749 989 832 absolutionem,
1021 774 1081 837 per
1108 774 1166 820 au·
1218 753 1304 815 Sunt
1337 769 1421 835 ergo
1454 747 1509 815 hic
1542 750 1627 816 duae
1663 767 1799 837 partes,
1840 755 2001 819 contricio
2034 765 2067 819 et
2100 753 2200 819 fides.

84 845 106 860 '
187 844 290 910 ditum
322 840 521 927 Euangelij,
559 861 621 926 per
651 858 748 906 rsum
780 849 1086 918 sacramentorum,
1123 858 1166 903 ne
1217 834 1305 909 Quia
1325 837 1627 902 enimconscientia
1649 858 1716 904 non
1729 849 1842 920 potest
1862 840 1956 904 reddi
1978 850 2111 924 pacata,
2132 840 2201 905 nisi

107 989 109 993 .
186 930 395 1008 succumbat,
417 931 493 993 dum
515 925 661 992 luctatur
684 945 759 991 cum
780 926 963 991 terroribus
984 926 1116 1011 peccati
1132 936 1166 992 et
1217 920 1294 987 fide.
1339 922 1417 986 ldeo
1450 919 1526 987 sola
1558 923 1644 988 fides
1657 960 1660 966 ·
1675 925 1822 990 uiuificat
1853 925 1945 990 iuxta
1970 925 2037 991 hcc
2063 926 2199 991 dictum.

186 1017 312 1082 mortis.
1189 1056 1194 1125 Ι
1217 1006 1328 1073 iustus
1351 1027 1393 1071 ex
1415 1008 1480 1073 fide
1503 1008 1601 1074 viuet.
2071 1033 2074 1037 ·

273 1100 366 1165 Haec
394 1099 480 1163 ratio
516 1098 745 1182 poenitenciae
784 1094 885 1178 plana
917 1107 952 1161 et
988 1097 1194 1181 perspicua*
1302 1092 1346 1159 Et
1378 1094 1498 1158 deinde
1530 1095 1564 1157 in
1597 1092 1860 1160 Colossensibus
1893 1095 1998 1181 lnquit
2029 1093 2202 1165 Christum

186 1196 258 1266 est,
287 1197 321 1250 ct
342 1196 441 1269 auget
464 1183 658 1269 dignitatem
679 1183 855 1267 potestatis
879 1179 1033 1260 cladium,
1056 1196 1090 1247 et
1111 1200 1166 1247 sa·
1217 1175 1331 1244 delere
1358 1176 1625 1264 Chirograpbum
1657 1183 1747 1267 quod
1777 1203 1839 1268 per
1865 1179 1974 1267 legem
2002 1184 2202 1249 aduersatur

64 1308 69 1315 ·
188 1281 443 1347 crementorum,
468 1282 501 1333 et
521 1266 668 1335 illustrat
690 1265 887 1333 beneficium
909 1266 1045 1346 Christi,
1068 1268 1167 1334 docet
1217 1265 1325 1331 nobis.
1355 1264 1418 1330 Hic
1429 1285 1563 1353 quoque
1586 1267 1672 1334 duae
1692 1280 1769 1333 sunt
1792 1279 1907 1354 partes
1920 1267 2200 1354 Chirographum,

187 1377 252 1423 nos
273 1357 320 1422 vti
344 1356 525 1420 mediatore
548 1375 590 1419 ac
611 1355 836 1440 propiciatore
859 1351 1006 1419 Christo.
1218 1360 1252 1414 et
1277 1347 1406 1416 delecio
1428 1351 1663 1438 Chirographi.
1708 1353 1769 1418 Est
1798 1366 1907 1419 autem
1930 1351 2201 1440 chirographum

273 1442 342 1508 Sed
375 1442 454 1526 quia
487 1437 677 1505 confutacio
710 1441 844 1504 damnat
869 1458 952 1518 nos,
984 1439 1073 1524 quod
1100 1436 1166 1503 has
1218 1437 1424 1504 conscientia
1444 1457 1590 1522 arguens
1612 1449 1645 1504 et
1668 1441 1895 1504 condemnans
1917 1459 1994 1518 nos,
2015 1439 2123 1505 Porro
2144 1438 2202 1504 lex

188 1530 270 1594 duas
291 1536 404 1612 partes
426 1526 654 1612 poenitenciae
674 1525 901 1610 posuerimus,
925 1525 1167 1590 ostendendum
1217 1533 1270 1587 est
1301 1524 1441 1588 verbum
1474 1524 1562 1609 quod
1600 1525 1710 1610 arguit
1742 1537 1776 1590 et
1815 1527 2015 1591 condemnat
2049 1537 2201 1610 peccata.

187 1625 257 1692 est,
287 1614 378 1699 quod
412 1613 578 1695 scriptura
605 1612 640 1676 in
673 1611 900 1695 poenitencia,
929 1631 991 1676 seu
1026 1629 1167 1676 conuer·
1217 1607 1310 1672 llaec
1331 1608 1433 1692 igitur
1460 1629 1528 1673 uox
1551 1629 1638 1694 quae
1659 1612 1756 1688 dicit,
1779 1612 1923 1677 Peccaui
1945 1611 2091 1692 domino,
2113 1613 2202 1678 sicut

187 1701 282 1766 sione
304 1697 398 1784 impij
416 1708 520 1782 ponat
539 1698 602 1763 has
623 1696 820 1783 praecipuas
841 1707 966 1780 partes.
1011 1693 1166 1761 Christus
1218 1691 1328 1759 Dauid
1351 1695 1407 1772 ait,
1429 1705 1482 1758 est
1504 1693 1802 1782 chirographum.
1828 1697 1871 1762 Et
1891 1698 1981 1762 hanc
2001 1717 2121 1763 vocem
2142 1700 2201 1763 iru-

188 1788 276 1851 enim
296 1785 420 1868 inquit,
448 1781 565 1850 Matth.
587 1785 634 1848 xi.
679 1781 798 1846 Venite
821 1783 865 1846 ad
886 1803 940 1847 me
959 1801 1086 1860 omnes,
1135 1783 1167 1846 ui
1218 1781 1264 1864 pij
1288 1789 1322 1843 et
1342 1780 1453 1844 securi
1465 1779 1617 1845 homines
1640 1802 1706 1847 non
1730 1784 1881 1849 emittunt
1892 1786 1993 1862 serio,
2015 1783 2091 1848 Nou
2115 1785 2203 1850 euim

187 1867 351 1936 laboratis
373 1881 407 1934 et
428 1870 554 1934 onerati
576 1869 672 1946 estis,
695 1881 729 1933 et
750 1887 815 1954 ego
837 1867 984 1933 reficiam
1008 1887 1081 1932 vos.
1104 1803 1166 1934 llic
1217 1866 1349 1943 rident,
1379 1883 1448 1929 non
1476 1863 1593 1950 legunt
1617 1874 1777 1952 scriptam
1804 1871 1839 1934 in
1866 1872 1970 1935 corde
1995 1871 2204 1936 sentenciam

189 1958 257 2023 duo
279 1957 427 2020 membra
449 1967 545 2034 sunt,
574 1952 672 2020 labor
700 1964 735 2018 et
762 1973 849 2019 onus
876 1953 1065 2041 significant
1088 1973 1166 2018 con·
1218 1947 1317 2037 legis.
1368 1950 1405 2016 ln
1436 1954 1526 2016 veris
1552 1949 1725 2020 doloribus
1745 1975 1801 2020 ·ac
1835 1956 2022 2021 terroribus
2055 1957 2203 2021 cernitur

188 2042 379 2120 tricionem,
407 2060 551 2125 pauores
581 2052 613 2105 et
641 2051 789 2105 terrores
817 2041 944 2122 peccati
977 2052 1012 2104 et
1039 2040 1166 2104 mortis.
1218 2034 1305 2101 haec
1325 2039 1510 2102 sentencia.
1538 2036 1601 2103 Est
1621 2041 1721 2125 igitur
1743 2039 2009 2126 Chirographum
2031 2042 2104 2191 ipsa
2122 2061 2203 2108 con·

187 2126 314 2193 Venire
345 2127 388 2190 ad
421 2124 609 2205 Christum,
640 2137 693 2191 est
726 2125 881 2205 credere,
909 2127 998 2211 quod
1031 2135 1168 2208 propter
1218 2123 1326 2200 tricis,
1348 2124 1574 2191 condemnans
1596 2145 1671 2191 nos.
1710 2124 1836 2192 Delere
1858 2125 2047 2213 Chirograp
2072 2146 2129 2192 um
2150 2136 2205 2193 est

189 2210 358 2278 Christum
385 2217 592 2278 remittantur
610 2223 766 2297 peccata,
789 2231 865 2276 cum
887 2212 1064 2289 credimus,
1086 2210 1167 2276 viui·
1218 2205 1336 2274 tollere
1358 2208 1447 2274 hanc
1468 2213 1673 2276 sentenciam
1694 2233 1761 2297 qua
1782 2214 2051 2297 pronunciemus,
2071 2209 2206 2279 forest

187 2297 331 2365 ficantur
357 2298 463 2364 corda
484 2299 603 2382 spiritu
624 2308 760 2374 sancto,
788 2299 1007 2381 perverbum
1030 2295 1167 2361 Christi.
1219 2295 1429 2373 damnemur,
1455 2299 1488 2374 ο)
1516 2307 1551 2361 et
1571 2299 1775 2363 sentenciam
1798 2296 2007 2383 insculpere,
2037 2317 2104 2386 qua
2126 2318 2204 2364 sen·

188 2383 275 2451 Sunt
299 2383 402 2470 igitur
425 2384 480 2449 hic
501 2384 590 2449 duae
612 2397 727 2467 partes
759 2383 975 2469 praecipuae,
1006 2382 1167 2447 contricio
1218 2382 1345 2446 ciamus
1369 2400 1433 2446 nos
1457 2378 1616 2448 liberatos
1643 2402 1722 2448 esse
1755 2387 1798 2451 ab
1826 2382 1886 2449 illa
1914 2385 2204 2452 condemnatione.

188 2480 221 2536 et
241 2469 337 2533 fides.
380 2466 423 2535 Et
445 2468 550 2535 Marci
571 2472 679 2555 primo
701 2467 854 2534 Christus
874 2469 938 2547 ait,
966 2466 1067 2553 Agite
1090 2487 1168 2553 poe·
1218 2463 1281 2531 Est
1301 2478 1412 2532 autem
1434 2466 1536 2546 fides,
1566 2490 1655 2534 noua
1676 2466 1735 2535 illa
1758 2472 1946 2548 sentencia,
1974 2489 2060 2556 qaae
2087 2469 2206 2537 abolet

186 2555 386 2635 nitanciam,
417 2565 451 2619 at
484 2556 609 2620 credite
640 2552 838 2641 Euangelio.
892 2551 958 2621 Vbi
990 2556 1024 2618 ia
1057 2555 1169 2638 priore
1217 2553 1361 2636 priorem
1372 2554 1591 2630 sentenciam,
1612 2566 1645 2619 et
1656 2556 1766 2621 reddit
1783 2577 1902 2641 pacem
1917 2569 1953 2622 et
1969 2558 2072 2622 vitam
2093 2556 2203 2623 cordi.

187 2638 353 2729 particula
379 2641 489 2726 arguit
508 2650 668 2726 peccata,
694 2640 728 2703 in
756 2640 944 2724 posteriore
973 2637 1168 2706 consolatur
1305 2636 1502 2722 Quanquam
1525 2641 1602 2725 quid
1624 2661 1710 2725 opus
1733 2653 1786 2706 est
1804 2640 1906 2708 multa
1928 2643 2033 2707 citare
2054 2643 2206 2708 testimo·

187 2747 270 2805 nos,
304 2738 339 2793 et
366 2728 510 2792 ostendit
537 2725 768 2791 remissionem
824 2737 1027 2791 eccatorum.
1082 2724 1177 2790 Nam.
1217 2723 1289 2802 nia,
1317 2743 1391 2789 cum
1413 2726 1536 2810 ubique
1566 2726 1667 2790 obuia
1687 2728 1754 2791 sint
1779 2727 1813 2793 in
1835 2728 2022 2812 scripturis.
2065 2724 2204 2794 Psalmo
2255 2801 2259 2806 ,

189 2813 328 2880 credere
361 2809 567 2898 Euangelio,
601 2830 670 2876 non
698 2823 751 2877 est
782 2747 841 2876 illa
872 2809 1038 2895 generalis
1071 2809 1169 2889 fides,
1220 2810 1322 2892 exvij.
1367 2808 1548 2896 Castigans
1571 2813 1748 2898 castigabit
1770 2833 1823 2878 me
1844 2812 2027 2892 Dominus,
2049 2824 2084 2879 et
2105 2814 2205 2879 morti

188 2918 286 2986 quam
314 2896 439 2963 hahent
466 2909 500 2963 et
528 2893 670 2976 diaboli,
699 2897 762 2971 sed
794 2898 929 2981 proprie
954 2908 1008 2963 est
1029 2897 1168 2962 credere
1218 2915 1286 2960 uon
1308 2895 1442 2959 tradidit
1464 2916 1529 2974 me,
1552 2894 1687 2963 Psalmo
1710 2899 1821 2987 cxviij.
1842 2897 1977 2965 Defecit
1996 2901 2108 2964 anima
2130 2919 2207 2964 mac

186 2986 417 3051 remissionem
429 2996 642 3068 peccatorum
662 2993 799 3132 propter
809 2981 978 3048 Christum
1001 2984 1168 3049 donatam.
1219 3001 1302 3066 prae
1333 2982 1506 3067 augustia,
1539 2980 1709 3049 Confirma
1741 3006 1796 3052 me
1823 2986 1929 3050 verbo
1961 2997 2032 3052 tuo.
2076 2983 2144 3050 Vbi
2169 2985 2206 3050 ln

187 3070 282 3135 llaec
310 3069 398 3134 enlm
419 3067 586 3135 reueletur
607 3070 642 3133 in
692 3066 859 3155 uangelic.
902 3066 1034 3135 Videtis
1057 3080 1091 3135 et
1111 3068 1169 3136 hic
1219 3070 1332 3152 priore
1364 3068 1514 3132 membro
1548 3071 1734 3136 continetur
1765 3071 1952 3151 contricio,
1985 3072 2020 3136 in
2052 3067 2205 3136 s‘ecundo

83 3209 87 3217 ,
189 3157 275 3221 duas
297 3155 589 3242 partesconiungl,
610 3152 870 3234 Contricionem,
892 3173 967 3220 cum
983 3166 1170 3240 arguuntur
1219 3155 1339 3220 modus
1372 3148 1463 3218 clare
1497 3154 1696 3224 describitur
1752 3158 1897 3223 uomodo
1928 3158 1963 3222 in
1997 3156 2206 3223 contricione

213 3249 346 3316 eccata,
369 3238 412 3304 Et
432 3239 550 3317 fidem,
579 3257 653 3304 cmm
676 3239 796 3306 dicitur
824 3239 950 3305 credite
970 3237 1168 3327 Euangelio.
1192 3282 1199 3361 Ι
1220 3259 1431 3316 recreemur,
1453 3240 1582 3306 scilicet
1603 3244 1708 3307 verbo
1766 3245 1796 3308 ei
1819 3244 1910 3329 quod
1932 3242 2029 3309 offert
2051 3245 2204 3332 gratiam.

190 3325 303 3410 Siquis
325 3323 380 3390 hic
408 3325 498 3391 dicat
519 3322 687 3391 Christum
715 3324 893 3410 complecti
919 3325 1018 3391 etiam
1039 3323 1169 3393 fructus
1220 3327 1257 3391 ld
1283 3335 1450 3391 sustentat
1476 3336 1510 3390 et
1535 3327 1682 3393 viuilicat
1711 3330 1827 3394 corda.
1873 3327 1916 3393 Et
1946 3329 1975 3395 l.
2004 3326 2136 3433 Regum
2158 3328 2205 3414 sj.
2238 3348 2247 3357 ·

188 3411 438 3498 poenitenciae,
460 3429 520 3475 seu
542 3420 647 3476 totam
665 3429 786 3475 nouam
809 3412 911 3477 vitam
918 3455 929 3490 ,
953 3430 1020 3475 non
1041 3411 1170 3476 disseu·
1220 3410 1386 3476 Dominus
1398 3410 1587 3491 mortificat,
1611 3423 1645 3478 et
1666 3412 1822 3490 sinificet,
1845 3415 1978 3480 deducit
2000 3416 2043 3479 ad
2064 3411 2206 3494 inferos,

191 3499 328 3563 ciemus.
372 3496 457 3562 Nam
479 3495 547 3560 hoc
568 3495 667 3561 nobis
688 3493 830 3577 sufficit,
857 3497 946 3582 quod
967 3495 1033 3563 hae
1054 3508 1169 3584 partes
1221 3509 1256 3564 at
1288 3497 1427 3562 reducit.
1482 3498 1610 3563 Horum
1643 3494 1752 3564 altero
1785 3501 1995 3587 significatur
2028 3501 2206 3580 contricio,

189 3585 369 3672 praecipue
389 3583 600 3648 nominantur
623 3582 795 3662 contricio,
816 3593 850 3646 et
871 3582 966 3649 fides.
991 3629 993 3633 ,
1220 3581 1328 3649 altero
1355 3580 1565 3667 significatur
1587 3582 1690 3663 fides,
1722 3585 1763 3651 Et
1788 3585 1909 3651 Esaiae
1931 3586 2045 3671 xsuiij.
2088 3583 2206 3651 Domi·

276 3667 403 3734 Paulus
434 3667 506 3733 fere
530 3669 653 3754 ubique
680 3688 756 3734 cum
785 3669 946 3734 describit
975 3668 1169 3734 conuersis·
1219 3688 1285 3736 nus
1306 3669 1485 3740 irascetur,
1518 3679 1555 3733 st
1575 3666 1681 3748 ¹faciat
1703 3691 1787 3755 opus
1814 3691 1920 3738 snum.
1965 3669 2122 3738 Alienum
2149 3680 2204 3736 est

189 3775 266 3821 uem
288 3773 351 3820 seu
367 3755 632 3833 renotationem,
653 3751 733 3819 facit
743 3753 806 3819 has
829 3755 913 3819 duas
929 3767 1056 3840 partes.
1077 3752 1169 3820 lllor·
1220 3773 1307 3838 opus
1329 3754 1419 3831 etus,
1442 3764 1478 3818 vt
1499 3767 1657 3842 operetur
1679 3776 1765 3842 opus
1788 3777 1893 3823 suum.
1938 3754 2095 3822 Alienum
2116 3776 2205 3842 opus

190 3841 403 3907 tlficationem
426 3853 459 3905 et
482 3837 758 3918 Viuificationem,
779 3852 816 3906 vt
838 3838 972 3907 Coloss.
994 3841 1029 3928 ij.
1056 3844 1088 3920 ὁ)
1132 3839 1170 3905 ln
1219 3841 1286 3908 Dei
1307 3850 1417 3917 vocat,
1439 3858 1514 3905 oum
1537 3852 1649 3920 terret,
1671 3843 1751 3927 quia
1773 3842 1836 3908 Dei
1858 3845 2028 3929 proprium
2052 3852 2204 3928 opusest

190 3947 258 4012 quc
282 3926 467 3992 circumcisi
489 3927 571 3990 estis
594 3925 846 3992 circumcisione
866 3947 1045 3993 nonmanu
1066 3924 1168 4005 facta,
1220 3924 1390 3993 viuibcare
1411 3937 1447 3990 et
1468 3923 1648 3992 consolari.
1694 3928 1818 3993 Verum
1840 3930 1915 3994 ideo
1939 3940 2059 4009 terret,
2088 3929 2206 4015 inquit,

192 4010 350 4080 videlicet
375 4007 597 4095 expoliatione
625 4013 776 4095 corporis
805 4026 1020 4098 peccatorum
1047 4013 1168 4079 carnis.
1219 4025 1257 4079 vt
1282 4013 1327 4078 sit
1352 4009 1449 4077 locus
1477 4010 1715 4092 consolationi,
1741 4017 1773 4092 ⁷)
1806 4024 1839 4079 et
1860 4013 2093 4092 uiuificationi,
2127 4016 2206 4099 quis

191 4094 235 4164 lit
255 4109 388 4182 postea,
409 4098 442 4161 in
465 4105 532 4181 q'uo
554 4093 652 4161 simul
673 4099 864 4163 resuscitati
887 4099 971 4165 estis
992 4118 1055 4182 per
1070 4096 1170 4164 iidem
1220 4119 1339 4166 secura
1363 4099 1467 4163 corda
1490 4108 1523 4163 et
1543 4118 1610 4164 non
1633 4099 1817 4166 sentiencia
1839 4102 1922 4165 iram
1945 4100 2009 4166 Dei
2030 4098 2209 4166 fastidiunt

191 4179 364 4250 efficaciae
385 4181 461 4247 Dei.
507 4181 570 4247 llic
594 4181 682 4247 duae
709 4195 788 4247 sunt
810 4195 943 4270 partes,
973 4182 1090 4250 Altera
1117 4196 1170 4251 est
1220 4182 1497 4251 consolationem.
1542 4186 1595 4249 Ad
1628 4183 1718 4251 hunc
1749 4187 1883 4261 modum
1917 4185 2005 4250 solet
2040 4187 2210 4271 scripture
2282 4252 2284 4257 Α

191 4269 371 4356 expoliatio
400 4269 552 4353 eorporis
599 4279 798 4334 eccatorum.
841 4267 958 4335 Altera
992 4283 1044 4336 est
1076 4289 1170 4336 rasu·
1221 4269 1306 4336 haec
1339 4270 1405 4333 duo
1436 4270 1639 4357 coniungere
1667 4285 1829 4349 terrores,
1860 4283 1894 4337 et
1927 4270 2209 4352 consolationem,

191 4357 324 4421 scitatio
345 4354 534 4441 perfidem.
565 4288 681 4438 tleque
701 4355 788 4420 haec
809 4357 924 4436 verba,
948 4356 1170 4434 mortificatio,
1224 4366 1259 4422 vt
1281 4357 1401 4421 doceat
1423 4353 1507 4420 haec
1537 4357 1718 4441 praecipua
1748 4359 1895 4422 membra
1927 4377 2004 4423 esse
2032 4359 2065 4423 in
2093 4359 2209 4445 poeni·

191 4441 386 4518 viuilicatio,
407 4439 588 4523 expoliatio
611 4441 763 4525 corporis
780 4455 1006 4527 pcccatorum,
1027 4441 1171 4507 resusci·
1220 4443 1332 4507 tencia
1355 4441 1603 4521 contricionem,
1627 4454 1661 4507 et
1682 4443 1780 4508 fidem
1804 4441 2035 4509 consolantem
2057 4457 2091 4509 et
2107 4443 2209 4509 iusti·

157 4527 290 4604 =tacic,
312 4524 486 4593 Platonico
506 4521 647 4629 intelligi
670 4526 804 4607 debent,
827 4528 868 4594 de
890 4524 1046 4594 simulata
1067 4539 1171 4593 muta·
1221 4527 1387 4594 licantem.
1432 4525 1549 4611 Neque
1574 4529 1724 4595 videmus
1753 4531 1921 4614 quomodo
1951 4542 2070 4596 natura
2090 4531 2208 4617 poeui-

191 4613 305 4689 cione,
339 4611 409 4679 Sed
441 4610 650 4678 mortificatio
682 4612 848 4698 significat
879 4633 980 4679 veros
1011 4624 1170 4685 terrores,
1222 4617 1354 4680 terrciae
1375 4610 1511 4703 'clarius
1542 4626 1577 4679 'et
1604 4614 1787 4699 simplicius
1822 4618 1907 4680 tradi
1940 4618 2058 4701 possit.
2110 4615 2208 4683 llaec

190 4693 310 4782 quales
332 4708 410 4762 suut
430 4698 649 4774 morientium,
670 4717 757 4784 quos
779 4699 946 4766 sustinere
967 4709 1088 4765 natura
1103 4718 1171 4764 uon
1221 4701 1309 4765 enim
1335 4710 1414 4764 sant
1442 4699 1509 4765 duo
1536 4701 1715 4785 praecipua
1743 4722 1846 4787 opera
1863 4701 1928 4768 Dei
1961 4704 1994 4767 iu
2016 4700 2209 4768 hominihus

190 4791 321 4868 posset,
343 4783 408 4848 nisi
429 4784 614 4870 erigeretur
636 4784 710 4849 fide
754 4784 805 4851 lta
831 4783 887 4854 hic
916 4784 1171 4871 expoliationem
1220 4783 1494 4871 perterrefacere,
1516 4798 1551 4851 et
1570 4786 1750 4855 iustificare
1772 4809 1815 4854 ac
1845 4787 2018 4856 uiuificata
2037 4800 2209 4874 perterre·

192 4868 345 4951 corporis
367 4879 582 4953 peccatorum
603 4879 742 4949 socan·
767 4891 844 4936 uam
866 4891 930 4936 nos
949 4873 1087 4939 dicimus
1104 4872 1171 4938 vsi·

191 4962 261 5019 tate
295 4955 552 5035 contricionem,
587 4956 662 5041 quia
690 4957 724 5021 in
791 4958 819 5022 is
848 4955 1021 5024 doloribus
1049 4979 1171 5025 conco·

191 5039 353 5125 piscantia
375 5039 536 5107 naturalis
558 5053 774 5128 expurgatur.
811 5039 854 5107 Et
876 5042 1056 5110 vluificatio
1077 5039 1172 5109 intel·
1192 5010 1218 5220 ἵ
1238 5091 1269 5158 6)
1287 5093 1313 5145 h·
1331 5097 1489 5146 renonem
1506 5110 1558 5160 q„
1574 5097 1786 5161 pronunciamus,
1804 5094 1863 5149 g„
1881 5102 1909 5148 η
1928 5094 2100 5163 d„„„„„,‚]
2117 5094 2209 5151 m„

1292 5164 1382 5214 2-4.:
1400 5165 1426 5214 h.
1445 5167 1604 5215 sentenciam
1622 5167 1849 5216 condemnationis
1867 5179 1901 5216 ex
1918 5167 2018 5228 culmo,

1192 5221 1201 5387 Ι
1240 5249 1270 5316 7)
1288 5247 1385 5297 Verum
1402 5248 1462 5298 ideo
1479 5259 1571 5313 terret,
1595 5253 1692 5316 iuquit,
1718 5259 1744 5301 rt
1767 5253 1800 5301 sit
1823 5252 1896 5301 locus
1920 5248 2116 5317 consalutant!
2143 5250 2211 5306 baec

1291 5317 1386 5369 saltn
1405 5318 1430 5368 3.
1449 5318 1598 5388 typographi
1615 5336 1701 5373 errore
1718 5322 1809 5373 umbro
1825 5327 1891 5373 rurs.

194 5213 396 5226 ——un

207 5313 238 5382 t)
257 5314 358 5370 coloss.
375 5313 416 5382 tt]
433 5311 484 5366 Ed.
502 5315 542 5366 ts
559 5310 730 5367 &brumes
746 5316 873 5377 secundo,
