4786 6210
187 364 253 432 o‘tl
638 361 750 431 PlllL.
772 362 877 433 MEL.
898 360 1085 431 SCRIPTA
1106 356 1376 427 nonnanes
1398 357 1456 424 ΕΤ
1478 357 1750 429 sYnu0L1cA.
2134 361 2208 429 532

189 550 381 618 Germanici
412 560 563 617 nonest
590 548 700 618 cultus
722 549 786 617 Dei
812 553 1026 618 necessarius
1053 551 1098 616 ed
1125 550 1173 614 iu·
1222 545 1332 615 solnm
1358 547 1528 626 docendo,
1555 548 1617 614 sed
1644 549 1742 614 etiam
1767 569 1829 634 per
1854 546 1941 613 haec
1962 546 2115 634 exempla
2135 569 2206 616 me·

189 640 319 705 sticiam
343 659 456 703 coram
478 637 565 717 Deo,
589 639 746 722 Sequitur
767 655 869 720 posse
891 640 999 704 iustos
1020 657 1062 702 ae
1083 634 1172 700 lilios
1222 634 1360 699 moriam
1377 635 1592 700 maximarum
1608 656 1720 708 rerum
1739 637 2073 721 traderentposteris.
2102 634 2206 710 Quod

191 725 256 792 Dei
275 736 308 790 et
330 723 521 790 Ecclesiam
542 722 666 789 Christi
688 743 783 802 esse,
807 725 905 789 etiam
930 724 1016 809 siqui
1038 733 1173 788 rtantur
1223 721 1254 784 si
1281 719 1366 785 haec
1394 721 1515 786 tradita
1539 733 1633 800 sunt,
1655 734 1812 806 tanquam
1832 723 2023 787 necessaria
2044 723 2088 787 ad
2109 721 2205 788 iusti-

192 832 261 878 non
292 808 511 888 Germanico,
543 812 605 874 sed
633 807 763 875 Gallico
796 811 927 875 vestitu.
972 811 1047 875 Hoc
1080 806 1172 873 clare
1224 807 1422 886 ficationem,
1443 807 1549 871 curin
1563 805 1616 870 his
1627 808 1709 891 ipsis
1721 819 1841 892 postea
1854 803 1956 872 multa
1966 817 2135 874 mutarunt
2148 813 2205 888 ῦὸ)

191 899 293 964 docet
314 894 439 961 Paulus
461 897 504 962 ad
526 894 763 974 colossenses,
785 917 860 962 cum
882 896 937 960 ait.
980 894 1172 960 Nemenos
1221 892 1402 977 Episcopi?
1455 890 1610 964 Quodsi
1643 904 1740 958 erant
1767 893 1853 958 luris
1874 893 1993 972 diuini,
2019 912 2086 958 non
2108 891 2206 960 licuit

188 983 314 1050 iudicet
336 983 370 1046 in
392 984 479 1060 cibo,
501 994 558 1048 aut
579 982 612 1046 io
635 992 725 1066 potu,
747 992 806 1047 aut
826 982 858 1046 in
880 992 976 1066 perte
997 982 1063 1047 diei
1083 977 1172 1060 festi,
1224 998 1265 1042 ea
1286 990 1413 1043 mutare
1435 980 1608 1043 autoritate
1629 981 1783 1057 humana,
1804 976 1916 1044 Pasce
1935 992 2012 1044 ante
2029 978 2205 1065 Synodum

192 1081 250 1135 out
274 1069 483 1146 neomeniae,
509 1078 567 1133 aut
589 1070 827 1145 sabbatorum,
848 1087 935 1153 quue
957 1080 1035 1133 sunt
1056 1069 1173 1132 vmbra
1222 1064 1393 1142 Nicenam,
1416 1061 1472 1150 alij
1495 1062 1560 1129 alio
1581 1077 1732 1150 tempore
1754 1067 1944 1131 seruabant.
1983 1064 2102 1150 Neque
2119 1066 2207 1133 haee

139 1198 142 1217 τ
191 1153 394 1231 futurorum,
417 1173 539 1237 corpus
562 1165 672 1218 autern
696 1151 830 1217 Christi.
880 1154 971 1230 ltem,
994 1153 1032 1219 Si
1052 1152 1173 1219 mortui
1223 1148 1455 1215 dissimilitudo
1484 1147 1584 1215 laesit
1610 1150 1720 1216 fidem.
1776 1150 1900 1217 Postea
1926 1151 2010 1216 ratio
2037 1151 2118 1217 inita
2140 1162 2206 1231 est,

194 1243 276 1308 estis
298 1261 371 1304 cum
394 1238 530 1307 Christo
551 1242 594 1305 ah
618 1236 790 1304 elementis
810 1240 941 1316 mundi,
963 1241 1040 1325 quid
1062 1240 1174 1304 adhuc
1223 1256 1267 1301 ne
1298 1236 1459 1302 incideret
1491 1247 1642 1302 nostrum
1676 1237 1787 1302 Pasce
1818 1239 1852 1302 in
1891 1236 2015 1302 ludaici
2047 1235 2205 1303 Pasceris

193 1340 350 1411 tanquam
377 1326 528 1391 virentes
555 1327 677 1391 mundo
699 1327 832 1391 decreta
860 1324 979 1393 tauns.
1023 1325 1075 1389 Ne
1102 1325 1174 1390 tetl-
1224 1334 1365 1405 tempus.
1409 1322 1456 1386 At
1481 1320 1636 1408 Apostoli
1670 1324 1838 1389 iusserant
1865 1321 2037 1390 Ecclesiae
2065 1343 2206 1391 seruare

194 1412 308 1501 geritis
340 1431 449 1495 neque
479 1412 709 1497 gustnueritis,
742 1431 851 1496 neque
872 1413 1172 1491 commonueritis,
1222 1407 1350 1488 Pasce,
1379 1427 1453 1473 eum
1482 1406 1641 1474 fratribus
1662 1410 1837 1475 conuersis
1859 1430 1902 1475 ex
1923 1408 2100 1475 ludaismo.
2143 1408 2205 1475 lta·

130 1506 145 1540 ⁸
195 1518 281 1584 qnae
303 1499 412 1561 omnia
434 1512 584 1582 pereunt,
608 1517 671 1562 vsu
693 1509 904 1580 consumpta,
927 1510 960 1563 et
983 1509 1060 1564 sunt
1080 1517 1173 1581 prae·
1246 1515 1288 1559 ue
1308 1494 1397 1560 huno
1418 1514 1544 1559 morem
1565 1497 1727 1579 quaedam
1750 1506 1868 1581 gentes
1935 1496 2105 1561 rtinaeiter
2126 1506 2207 1581 post

195 1589 291 1667 cepta
314 1595 348 1646 et
370 1583 543 1649 doctrinae
566 1584 753 1661 hominum,
776 1586 921 1668 speciem
943 1584 1100 1649 habentia
1121 1602 1173 1647 sa·
1222 1516 1394 1666 gyratam
1417 1579 1576 1645 Nicenam
1599 1583 1814 1661 retinuerunt,
1836 1593 1872 1647 vt
1902 1582 2054 1647 udaieum
2071 1593 2206 1666 tempus

94 1695 96 1698 >
193 1670 337 1755 pientiae
368 1669 402 1732 in
433 1669 679 1754 supersticione
707 1680 741 1734 et
767 1666 958 1734 humilitate.
1002 1668 1065 1733 Est
1086 1669 1173 1735 enim
1224 1670 1456 1732 obseruareut.
1518 1664 1645 1732 Verum
1678 1665 1834 1752 Apostoli
1877 1669 2012 1733 decreto
2044 1664 2103 1733 illo
2137 1688 2207 1734 non

192 1755 376 1835 sentencie,
398 1776 473 1820 oum
494 1756 625 1821 iusticia
644 1755 757 1820 cordis
780 1757 823 1819 sit
842 1776 899 1819 res
911 1753 1105 1840 spiritualis,
1126 1755 1174 1820 vl·
1223 1750 1401 1817 voluerunt
1423 1750 1589 1837 Ecclesijs
1606 1753 1775 1838 imponere
1792 1756 2038 1834 necessitatem,
2059 1753 2096 1819 ld
2114 1754 2207 1840 quod

187 1841 334 1907 -uilieans
356 1842 478 1919 corda,
508 1853 542 1907 et
563 1851 708 1926 constet,
732 1841 821 1926 quod
844 1842 1037 1907 traditiones
1059 1842 1174 1906 huma·
1225 1839 1328 1904 verba
1349 1836 1487 1904 Decreti
1515 1849 1689 1904 testantur.
1733 1838 1850 1907 luhent
1872 1841 2028 1905 enimus
2047 1841 2123 1927 quis
2147 1861 2205 1906 cu·

194 1946 261 1992 nae
280 1946 349 1991 non
371 1926 538 1991 viuilicent
560 1929 680 2007 corda,
704 1945 768 1992 nec
789 1929 855 1991 sint
877 1926 1016 1994 effectus
1038 1927 1174 2013 spiritus
1223 1937 1294 2001 ret,
1327 1924 1427 1989 etiam
1459 1925 1488 1988 si
1514 1923 1636 1990 iratres
1666 1936 1843 1990 sementes
1868 1926 1992 2005 Pasce,
2021 1946 2090 1992 non
2112 1937 2208 1992 recte

195 2012 315 2091 sancti,
337 2012 424 2077 siout
446 2010 583 2079 dilectio
604 2013 756 2099 proximi,
778 2013 918 2078 castitas
936 2026 1000 2078 etc.
1023 2034 1087 2079 nec
1108 2014 1175 2078 sint
1224 2020 1402 2095 supputent
1423 2022 1564 2093 tempus.
1601 2010 1716 2076 Verba
1731 2010 1870 2078 Decreti
1892 2022 2006 2078 extant
2024 2013 2109 2097 apud
2130 2012 2208 2097 Epi·

194 2101 412 2163 instromenta
437 2119 500 2182 per
527 2119 615 2185 quae
636 2098 731 2166 Deus
758 2110 870 2164 mouet
897 2100 1000 2165 corda
1027 2102 1069 2165 ed
1103 2119 1174 2164 ore·
1223 2095 1391 2182 phaninm.
1434 2094 1521 2178 ὑμεῖς
1550 2094 1594 2175 μή
1625 2100 1790 2181 prenae,
1822 2095 1899 2162 ἀλλά
1920 2105 2053 2179 ποιεῖτε,
2086 2092 2159 2162 ὅταν
2177 2101 2207 2162 ei

196 2184 356 2261 dendum,
377 2185 465 2249 siout
484 2188 623 2252 verbum
645 2196 679 2250 et
701 2197 910 2251 sacramenta
932 2186 1087 2252 diuinitus
1109 2195 1175 2249 tra·
1223 2181 1348 2266 ᾰόελφοὶ
1368 2180 1474 2262 ὑμῶν,
1497 2185 1526 2245 oi
1545 2188 1578 2246 ἐκ
1597 2189 1771 2270 περιτομῆς,
1793 2183 1858 2265 μετ’
1879 2183 1976 2249 αὐτῶν
1997 2180 2064 2266 ἅμα
2083 2191 2208 2265 ποιεῖτε,

195 2271 275 2348 dita,
297 2271 358 2336 sed
381 2270 447 2335 sint
469 2291 552 2338 rsus
572 2292 682 2336 rerum
698 2269 781 2337 nihil
803 2272 918 2337 adcor
932 2273 1175 2356 pertinentium,
1222 2268 1309 2333 edm
1341 2270 1526 2347 πλαιηθῶσι
1563 2269 1655 2351 μηδὲν
1686 2267 1756 2351 ὑμῖν
1783 2275 1909 2349 μελέτω.
1962 2271 2055 2337 llaec
2087 2271 2207 2337 scribit

195 2376 283 2442 quae
310 2375 375 2421 vsu
406 2369 562 2440 pereant,
592 2369 735 2424 nonest
761 2359 974 2424 senciendum
997 2358 1175 2443 quodsint
1223 2353 1428 2441 Epiphanius
1466 2356 1571 2420 verba
1606 2375 1685 2420 esse
1716 2354 1958 2440 Apostolorum
1989 2356 2023 2421 in
2057 2354 2207 2423 Decreta

192 2441 406 2506 necessariae
432 2442 476 2506 ad
502 2443 667 2509 iusticiam
694 2464 810 2509 coram
838 2441 924 2508 Deo.
974 2442 1016 2508 Et
1043 2444 1077 2507 in
1099 2462 1174 2508 ean·
1223 2441 1368 2526 quodam
1396 2441 1509 2524 posita
1535 2442 1578 2505 de
1603 2441 1762 2521 Pascate,
1781 2443 1823 2507 in
1845 2443 1966 2528 quihus
1988 2442 2138 2527 prudens
2157 2439 2206 2508 le·

192 2527 268 2592 dem
296 2528 501 2593 sentenciam
534 2529 638 2614 inquit
664 2526 761 2594 Rom.
788 2528 884 2614 xiiij.'
923 2528 1075 2616 Regnum
1107 2528 1173 2594 Dei
1223 2538 1298 2592 otor
1322 2522 1422 2592 focile
1449 2536 1561 2609 potest
1590 2528 1736 2593 iudicare
1759 2526 1944 2613 Apostolos
1973 2527 2124 2593 voluisse
2146 2549 2207 2614 po·

191 2632 260 2678 non
283 2624 335 2679 est
358 2632 439 2678 esca
460 2625 493 2678 et
513 2626 631 2698 potus,
658 2615 720 2681 sed
741 2615 873 2680 iusticia
895 2625 928 2682 et
948 2637 1015 2702 pax
1035 2627 1070 2681 et
1091 2635 1172 2700 gau·
1222 2608 1300 2697 pulo
1328 2609 1465 2677 stultam
1494 2613 1682 2697 opinionem
1716 2615 1758 2678 de
1784 2616 1985 2680 necessitate
2012 2616 2095 2680 certi
2120 2625 2205 2680 tem·

191 2699 281 2764 diurn
313 2699 347 2762 in
380 2697 496 2782 spiritu
524 2712 653 2765 sancto.
703 2699 771 2766 Sed
792 2712 860 2765 non
882 2715 936 2767 est
959 2721 1045 2786 opus
1069 2702 1173 2766 citare
1221 2698 1314 2784 poris
1344 2698 1506 2772 eximere,
1534 2720 1610 2765 oum
1637 2697 1815 2850 prohibent
1843 2721 1980 2780 curare,
1999 2700 2097 2765 etiam
2117 2700 2149 2765 si
2170 2701 2206 2766 iu

189 2782 294 2851 multa
311 2784 506 2860 testimonia,
529 2807 604 2852 cum
625 2785 747 2872 vhique
767 2787 835 2851 sint
856 2788 957 2852 obuia
975 2788 1009 2872 in
1031 2788 1172 2871 scripto·
1221 2783 1431 2871 supputando
1454 2796 1593 2852 erretur.
1672 2805 1751 2852 orro
1778 2787 1910 2873 quidam
1933 2787 1967 2852 in
1988 2788 2128 2867 oriente,
2149 2786 2208 2872 qni

190 2871 257 2948 ris,
279 2882 313 2935 et
345 2889 408 2935 nos
437 2868 578 2954 plurima
607 2871 640 2937 ln
663 2868 877 2938 confessione
900 2875 1172 2959 congesserimus
1221 2870 1365 2937 Ardiaei
1385 2868 1544 2955 appellati
1565 2882 1642 2939 sunt
1664 2873 1708 2938 ab
1729 2883 1846 2940 autore
1868 2874 2045 2959 dogmatis,
2067 2884 2207 2959 propter

188 2956 224 3022 in
250 2957 493 3040 posterioribus
520 2956 682 3023 articulis.
726 2954 770 3023 Et
797 2958 895 3024 huius
921 2960 1171 3026 controuersiae
1220 2956 1288 3021 hoc
1310 2958 1482 3022 decretum
1504 2957 1743 3042 Apostolorum
1765 2959 2007 3025 contenderunt
2027 2957 2206 3039 Pusoe⁶⁶l

188 3040 954 3196 tttl‘ttll‘t„tttltnt0ht‘tttt'itt
977 3045 1171 3197 {hesit
1219 3042 1915 3217 {thlttlntsltnnteit?
1925 3041 2217 3198 „indistria
2292 3063 2297 3075 ’

277 3173 287 3206 ‚
887 3178 896 3192 ,
1160 3166 1171 3179 .

190 3212 332 3299 cessar-ij
365 3215 410 3279 ad
437 3214 602 3279 iusticiam
630 3236 744 3282 coram
766 3215 858 3297 Deo,
886 3215 954 3281 Vhi
983 3217 1026 3281 de
1047 3212 1171 3283 haere
1220 3216 1309 3301 quod
1343 3214 1526 3282 dissenciat
1559 3235 1580 3282 a
1607 3215 1690 3292 fide,
1703 3175 1780 3284 ’aut
1801 3216 2045 3284 Ecclesiastioa
2070 3213 2205 3304 regule,

190 3319 232 3365 oo
255 3299 360 3365 iosius
384 3299 635 3384 disputabimus.
679 3301 875 3389 Aduersarij
904 3302 1020 3368 dieunt
1041 3304 1170 3369 ruiuer·
1220 3312 1256 3366 et
1279 3302 1444 3384 vituperat
1458 3305 1513 3380 ⁶⁷)
1546 3301 1736 3382 Andianos,
1768 3303 1858 3389 quod
1880 3324 1947 3368 non
1970 3314 2061 3371 recte
2082 3300 2206 3370 intelll-

188 3318 281 3453 aallrs
303 3385 515 3464 traditiones,
543 3386 618 3450 ideo
640 3389 826 3453 seruandae
848 3407 942 3467 esse,
988 3388 1042 3453 uia
1063 3389 1170 3454 existi·
1220 3397 1301 3472 gant
1320 3384 1357 3449 ul
1377 3385 1477 3473 ῥητὸν,
1499 3399 1534 3451 et.
1553 3387 1792 3473 interpretatur
1813 3390 1853 3454 in
1874 3389 1964 3455 hano
1985 3390 2206 3468 sentenciam,

188 3480 321 3537 meatur
345 3472 389 3536 ab
418 3467 593 3555 Apostolis
622 3473 762 3537 traditae
789 3493 877 3539 esse.
923 3409 1170 3560 oltcltgtosos
1218 3474 1253 3536 in
1285 3492 1384 3559 quam
1416 3493 1479 3538 nos
1510 3475 1784 3559 interpretamur,
1816 3477 1906 3561 quod
1938 3497 2005 3542 uon
2035 3476 2206 3542 senserint

187 3553 350 3623 homines.
394 3555 491 3623 Ritus
517 3558 561 3622 eh
585 3555 757 3643 Apostolis
781 3571 931 3647 sumptos
957 3561 1091 3625 retineri
1113 3579 1169 3624 ro·
1219 3554 1377 3643 Apostoli
1417 3555 1545 3625 referre
1605 3580 1648 3626 no
1673 3570 1823 3645 tempore
1855 3574 2047 3628 seruaretur
2079 3560 2206 3642 Pasce,

187 3639 276 3715 lunt,
302 3643 377 3708 Non
405 3642 522 3708 volunt
549 3645 684 3710 retineri
711 3646 896 3711 doctrinam
917 3643 1168 3731 Apostolorum.
1220 3644 1288 3711 Sed
1321 3646 1399 3729 quia
1433 3646 1605 3730 praecipui
1644 3643 1767 3711 fratres
1806 3659 1848 3712 etr
1880 3648 2011 3714 ludaeis
2045 3648 2204 3714 consum

188 3728 247 3794 Sic
267 3728 477 3796 iudicandum
500 3739 552 3793 eet
574 3732 616 3795 de
637 3731 757 3796 ritibus
778 3728 865 3812 illis,
885 3733 973 3798 sicut
993 3733 1057 3817 ipsi
1079 3731 1169 3816 Apo·
1219 3741 1330 3808 eraut,
1363 3730 1419 3814 qui
1452 3751 1580 3796 morem
1602 3752 1698 3798 snum
1727 3734 1926 3814 seruabant,
1951 3732 2070 3801 horum
2091 3754 2205 3799 exem-

187 3814 266 3881 stoli
286 3815 321 3880 in
344 3816 415 3880 suis
437 3816 571 3899 scriptis
590 3816 746 3883 iudicant.
791 3818 869 3883 Non
890 3818 976 3883 enim
993 3815 1170 3884 voluerunt
1241 3814 1310 3881 lum
1330 3825 1467 3900 propter
1491 3818 1704 3884 concordiam
1732 3817 1897 3884 voluerint
1924 3818 2072 3906 reliquos
2095 3820 2203 3907 sequi.

187 3900 343 3986 Apostoli
364 3920 429 3964 nos
451 3901 588 3981 sentire,
610 3904 698 3987 quod
716 3924 777 3989 per
797 3903 884 3970 tales
905 3904 990 3970 ritus
1010 3903 1168 3969 iustiliae·
1218 3837 1261 3967 lt
1293 3903 1461 3986 sapienter
1493 3904 1735 3969 admonuerunt
1762 3902 1923 3971 lectorem
1956 3903 2130 3993 Apostoli,
2162 3925 2204 3973 se

187 4007 274 4065 mur,
294 3987 385 4073 quod
406 3986 492 4052 tales
511 3988 595 4051 ritus
613 3990 680 4053 sint
702 4009 758 4055 res
779 3992 993 4056 necoesariae
1014 3990 1058 4055 ad
1075 3991 1167 4055 iusti·
1217 4008 1327 4074 neque
1347 3985 1533 4055 libertatem
1549 3989 1790 4078 Euangelicam
1811 3988 1941 4071 tollere,
1963 4011 2204 4078 nequweoes·

182 4074 273 4138 eiam
312 4094 426 4139 coram
464 4072 552 4137 Deo.
602 4072 680 4138 Non
714 4072 891 4141 voluerunt
917 4073 1072 4159 Apostoli
1099 4072 1167 4141 tale
1217 4075 1350 4141 sitatem
1383 4076 1600 4163 conscientijs
1615 4079 1669 4155 ⁸⁸)
1723 4077 1910 4161 imponere,
1947 4079 2025 4165 quia
2064 4079 2207 4161 addunt,

187 4176 274 4225 onus
291 4159 461 4244 imponere
478 4158 703 4242 conscientijs,
725 4181 794 4225 non
811 4158 988 4227 voluemnt
1003 4162 1166 4235 iusticiam
1216 4182 1285 4227 nou
1307 4181 1384 4227 esse
1407 4162 1600 4242 curandum,
1622 4163 1721 4227 etiam
1745 4164 1774 4227 si
1793 4164 2205 4250 erreturinsupputando.

188 4256 223 4311 et
247 4258 424 4330 peccatum
455 4240 622 4311 collocare
645 4245 677 4311 ln
706 4247 1012 4312 absentationibus
1028 4248 1167 4328 diemm,
1303 4243 1409 4312 Multa
1437 4246 1536 4313 huius
1564 4249 1699 4334 genens
1728 4246 1841 4335 colligi
1868 4262 2013 4335 possunt
2034 4270 2077 4316 ex
2097 4249 2206 4317 histo·

188 4332 356 4409 ciborum,
378 4341 412 4397 et
435 4328 588 4395 similium
615 4352 737 4398 rernm.
781 4331 851 4397 lmo
872 4330 997 4399 Paulus
1018 4331 1167 4420 appellat
1217 4332 1289 4413 ri's,
1309 4333 1343 4397 in
1364 4334 1485 4417 quihus
1507 4334 1647 4418 apparet
1667 4333 1966 4402 dissimilitudinem
1982 4336 2204 4404 humanarum

186 4415 375 4483 huiusmodi
402 4416 595 4500 opiniones,
616 4417 786 4484 doctrinas
808 4419 1063 4484 daemoniorum.
1102 4421 1166 4484 lta·
1217 4353 1506 4497 oltsematiooum,
1533 4438 1601 4484 nou
1623 4417 1757 4486 laedere
1777 4423 1935 4488 mitatem
1955 4422 2044 4488 fidei.
2087 4421 2204 4496 Quan-

126 4585 129 4588 .
174 4523 254 4590 arne
274 4502 429 4569 volontas
452 4514 485 4568 et
507 4499 682 4569 consilium
703 4502 944 4591 Apostolorum
965 4526 1008 4570 ex
1030 4505 1166 4591 scriptis
1216 4525 1318 4590 quam
1338 4505 1417 4591 quid
1438 4523 1524 4590 opus
1545 4517 1598 4572 est
1620 4508 1866 4591 disputacione,
1888 4508 2032 4575 Omnino
2055 4509 2133 4594 quid
2155 4510 2205 4575 sit

188 4609 303 4655 eorum
354 4589 446 4654 uaeri
474 4589 587 4667 debet,
617 4608 685 4655 non
706 4602 760 4658 est
785 4591 871 4656 setis
890 4588 1038 4677 allegare
1060 4609 1167 4655 exem
1215 4590 1346 4657 iusticia
1371 4590 1465 4669 fidei,
1493 4593 1571 4678 quid
1600 4593 1643 4657 sit
1664 4613 1803 4679 regnum
1827 4591 1969 4675 Christi,
1989 4614 2058 4661 non
2077 4591 2202 4661 intelli·

187 4673 287 4761 plum.
378 4675 520 4741 ruahant
542 4684 655 4740 certos
678 4677 765 4756 dies,
783 4696 851 4742 non
873 4679 964 4764 quod
986 4697 1028 4742 ea
1049 4678 1167 4741 obser·
1262 4689 1299 4742 nt
1319 4677 1503 4763 aduersarii
1510 4723 1520 4757 ,
1541 4677 1571 4743 sl
1593 4677 1740 4745 iudicant
1761 4682 1987 4747 necessariam
2009 4700 2088 4747 esse
2109 4681 2204 4747 simi·

187 4762 280 4827 ratio
310 4760 353 4826 ad
384 4760 651 4826 iustificationem
684 4764 876 4830 necessaria
903 4774 1010 4833 esset.
1042 4763 1104 4828 sed
1130 4773 1167 4828 vt
1230 4763 1386 4829 itudinem
1413 4763 1684 4831 obseruationum
1708 4767 1742 4831 in
1772 4767 1876 4846 cibis,
1903 4768 2039 4848 diebus,
2060 4767 2201 4849 vestitu,

188 4845 333 4932 populns
359 4847 478 4925 sciret,
507 4866 574 4933 quo
601 4859 666 4913 tem
713 4870 751 4915 re
778 4850 1042 4916 conueniendum
1063 4860 1166 4931 meet,

188 4935 370 5000 sanabant
397 4943 432 4998 et
459 4928 545 4998 allos
571 4953 657 5025 quos
681 4956 735 5003 am
760 4937 862 5014 ritus,
884 4936 1033 5001 ordinem
1053 4931 1165 5003 lectio

188 5039 267 5087 uum
295 5017 486 5105 siquando
515 5022 768 5087 conuenichant.
812 5020 983 5094 Quaedam
1005 5021 1102 5087 etiam
1124 5042 1166 5087 ex
1217 5037 1267 5106 te)
1283 5036 1424 5108 unumst]
1441 5035 1492 5089 td.
1509 5038 1549 5092 a:
1566 5046 1733 5092 umescunt

109 5144 111 5149 <
188 5106 307 5191 patrljs
338 5104 507 5181 moribus,
538 5115 575 5170 vt
607 5105 664 5185 ht,
695 5107 858 5172 retinebat
888 5105 1050 5192 populns,
1077 5127 1166 5194 quae
1217 5124 1631 5193 et)1³eres]sd.³‚=l³ercna

190 5190 346 5275 Apostoli
372 5185 521 5256 uonolhil
545 5201 687 5268 mutata,
718 5191 763 5257 ad
792 5191 966 5258 historiam
990 5189 1165 5280 Euangelij
1217 5210 1266 5279 et)
1282 5212 1424 5278 nupera]
1441 5211 1524 5264 sna.
1543 5211 1569 5265 t.
1587 5212 1629 5264 a:
1646 5213 1796 5277 streperem

190 5280 545 5355 commonstrarent,
569 5286 608 5342 rt
627 5277 754 5358 Pasce,
775 5274 1018 5358 Pentecosten,
1040 5289 1077 5346 rt
1096 5296 1167 5346 nou
1217 5295 1265 5366 st)
1285 5293 1463 5367 canneto
1479 5290 1530 5349 ne
1549 5298 1575 5348 e
1592 5304 1644 5367 τοι
1663 5313 1727 5351 m
1745 5297 1900 5366 mean
