4756 6194
171 407 240 474 teo
624 402 866 474 Pfliirmmr.
887 402 1077 473 schim
1097 402 1367 474 coenatica
1386 402 1445 472 ΕΤ
1466 402 1738 473 ΒῩΜΒΟΠΟΔ.
1888 472 1894 481 ,
2148 398 2212 467 Μ

114 582 117 587 ’
171 596 286 661 excuti
314 605 445 680 potest,
483 596 549 661 nisi
582 617 657 660 cum
686 595 841 660 diuinitus
867 594 1034 661 docemur.
1084 594 1155 659 Sed
1176 608 1182 683 5
1204 612 1309 679 opera
1330 611 1396 658 non
1417 589 1571 676 placent,
1594 592 1673 657 sine.
1689 591 1913 677 propiciatore
1934 590 2113 669 Christo,
2148 587 2211 658 Per

171 684 364 747 reuocanda
389 700 485 746 mens
514 693 567 745 est
594 682 637 745 ab
660 680 848 747 huiusmodi
871 677 1061 745 carnalibus
1085 680 1154 765 opi·
1204 677 1295 742 huno
1315 676 1479 742 habemus
1501 696 1678 742 accessum
1698 678 1742 742 ad
1763 676 1885 757 Deum,
1907 697 1976 742 non
1994 696 2072 761 per
2090 695 2208 760 opera,

170 767 343 846 niouibas,
373 767 585 831 adverbum
613 763 689 831 Dei.
737 767 895 831 Videmus
917 766 1017 830 nobis
1042 765 1154 831 Euan·
1203 764 1277 829 sine
1306 763 1488 828 mediatore
1510 760 1657 827 Christo.
1711 762 1804 849 Ergo
1822 784 1901 835 cum
1923 764 2073 840 dicitur,
2097 760 2139 827 Si
2161 763 2208 828 ris

172 850 297 939 galium
340 865 373 916 et
410 852 664 934 promissionem
703 853 746 917 de
778 849 914 916 Christo
946 852 1153 935 propositam
1203 850 1235 912 in
1265 848 1367 914 vitam
1388 848 1536 932 ingredi,
1557 849 1664 914 Serua
1692 849 1868 926 mandata,
1890 849 2131 914 senciendum
2159 860 2208 913 est

170 957 266 1016 csse,
288 935 370 1002 Cum
399 938 500 1023 igitur
522 935 578 1000 lex
598 937 827 1020 praedicatur,
854 958 928 1002 cum
950 936 1154 1021 praecipiun-
1203 935 1360 999 mandata
1381 935 1454 998 sine
1471 932 1607 998 Christo
1628 953 1696 998 non
1718 936 1858 1013 seruari,
1880 953 1944 999 nec
1962 933 2120 1019 placere
2138 933 2207 1000 sina

171 1034 226 1089 tur
247 1043 368 1106 opera,
397 1043 465 1087 non
493 1033 546 1087 est
566 1023 772 1105 repudianda
790 1023 968 1104 promissio
990 1023 1032 1087 de
1058 1021 1153 1086 Obri—
1204 1017 1352 1098 Christo,
1374 1019 1433 1084 Sic
1454 1019 1580 1103 inipso
1599 1016 1787 1105 Decalogo,
1808 1022 1842 1084 in
1864 1021 1973 1169 qrimo
1999 1030 2205 1105 praecepto,

171 1120 245 1187 sto,
278 1108 346 1175 Sed
379 1106 465 1172 haec
493 1109 585 1193 prius
613 1108 893 1193 apprehendenda
914 1118 981 1191 est,
1009 1119 1045 1172 vt
1067 1107 1153 1172 hene
1203 1105 1345 1170 Faciens
1378 1105 1638 1170 misericordiam
1670 1106 1703 1169 in
1736 1103 1837 1170 millia
1894 1107 1922 1169 is
1958 1106 2024 1189 q'ui
2064 1104 2206 1192 diligunt

173 1196 305 1279 operari
328 1195 513 1278 possimuS,
542 1203 576 1256 et
604 1204 639 1258 vt
662 1214 766 1277 opera
786 1206 903 1259 nostra
920 1191 995 1256 Deo
1016 1190 1153 1277 placere
1203 1211 1275 1269 mc,
1296 1203 1329 1256 et
1352 1190 1544 1256 custodiant
1566 1200 1745 1275 praecepta
1764 1211 1856 1270 mea,
1884 1189 2111 1275 amplissima
2133 1213 2204 1277 pro·

195 1291 307 1358 ueant,
328 1281 416 1343 sieut
437 1279 537 1365 inquit
555 1278 723 1356 Christus,
745 1277 825 1344 Sine
842 1299 894 1344 me
910 1274 993 1343 nihil
1009 1278 1152 1363 potestis
1202 1277 1317 1341 missio
1350 1274 1382 1341 le
1407 1278 1437 1341 is
1477 1275 1626 1354 additur,
1657 1276 1727 1342 Sed
1756 1275 1840 1343 haec
1867 1275 1924 1340 lex
1952 1297 2031 1342 non
2064 1276 2107 1341 fit
2135 1279 2203 1343 sine

170 1301 293 1430 Docere.
349 1364 465 1450 ltaque
495 1367 525 1429 si
552 1361 675 1429 Daniel
707 1364 759 1429 his
792 1365 905 1429 verbis
936 1384 1017 1428 vsus
1047 1374 1151 1440 esset,
1203 1361 1348 1427 Christo.
1420 1382 1471 1426 em
1496 1381 1535 1426 er
1559 1363 1647 1427 enim
1672 1373 1814 1428 accusat
1842 1362 2100 1428 conscientiam
2123 1383 2204 1448 quae

170 1450 317 1516 Peccata
343 1461 398 1516 tua
425 1451 552 1516 redime
572 1470 634 1533 per
660 1451 911 1534 poenitentiam,
935 1451 1153 1534 praeterirent
1204 1445 1271 1534 legi
1297 1449 1470 1512 nonsatis
1509 1446 1569 1523 clt,
1597 1467 1701 1533 quare
1724 1449 1848 1512 territa·
1864 1444 1949 1532 fugit
1976 1449 2153 1514 iudicium
2172 1460 2202 1514 et

171 1537 261 1601 hunc
295 1534 407 1601 locum
445 1535 651 1620 aduersarij,
693 1535 791 1601 Nune
832 1556 907 1600 cum
944 1555 1025 1600 vere
1064 1535 1153 1599 hanc
1203 1553 1345 1619 poenam
1364 1529 1463 1619 legis.
1508 1531 1579 1599 hex
1600 1534 1686 1598 enim
1708 1544 1867 1616 operatur
1887 1534 1990 1612 iram,
2018 1531 2125 1599 Tuuc
2149 1554 2202 1600 au·

171 1622 182 1686 i
208 1642 285 1686 sam
306 1623 506 1686 sententiam
527 1622 642 1685 verbis
665 1618 753 1705 alijs,
775 1632 811 1686 vt
833 1622 998 1700 videntur,
1019 1618 1150 1698 extulit,
1202 1631 1269 1685 tem
1290 1617 1371 1683 facit
1391 1617 1519 1705 legem,
1564 1620 1675 1703 nando
1697 1618 1789 1684 audit
1809 1620 1907 1684 nobis
1929 1629 2084 1703 propter
2108 1618 2198 1685 Chri-

171 1707 703 1859 nit‘ii‘iit‘btii'itffi
724 1707 1152 1857 iiiiitiitttii:
1202 1701 1533 1856 iteritatis*
1551 1705 1811 1855 ciimatiiz
1829 1701 2199 1875 {desistat

170 1875 273 1964 plecti
296 1877 403 1944 fidem.
447 1879 506 1945 Sic
532 1879 633 1963 igitur
654 1878 697 1943 ad
720 1880 822 1942 verba
844 1874 994 1942 Danielis
1016 1896 1152 1960 respon·
1202 1876 1310 1941 diator
1339 1873 1511 1953 Christus,
1547 1896 1607 1940 eor
1632 1876 1818 1963 acquiescit
1844 1888 1878 1941 et
1905 1875 1973 1941 inci
1998 1877 2029 1939 it
2060 1875 2200 1962 diligere

173 1964 302 2041 demus,
327 1964 416 2049 quod
439 1964 517 2048 quia
537 1963 773 2048 poenitentiam
794 1963 984 2046 praedicat,
1005 1983 1073 2027 non
1094 1963 1152 2025 do·
1202 1959 1323 2040 Deum,
1346 1972 1379 2026 et
1399 1958 1655 2047 faeerelegem,
1677 1972 1709 2025 et
1731 1961 1795 2026 scit
1811 1961 1875 2026 iam
1898 1981 1936 2025 se
1974 1897 2201 2041 lacereDeo,

171 2059 247 2113 ceat
274 2059 399 2114 tantum
422 2050 465 2113 de
487 2049 661 2133 operibus,
691 2049 758 2113 Sed
781 2050 822 2113 da
850 2046 916 2113 fida
937 2068 1088 2133 quoque,
1115 2056 1153 2111 vt
1225 2057 1341 2131 rupter
1356 2047 1572 2112 mediatorem
1594 2045 1776 2124 Christum,
1796 2046 1927 2111 etiamsi
1950 1982 2013 2112 ille
2038 2046 2202 2114 inchoata

169 2135 244 2199 isa
277 2133 423 2199 Historia
458 2135 492 2198 in
524 2132 633 2200 Textu
671 2143 823 2199 testatur.
886 2134 1043 2201 Secundo
1077 2132 1154 2216 quia
1202 2069 1289 2219 legis
1316 2130 1462 2216 impletio
1488 2130 1608 2216 procul
1634 2133 1765 2197 absita
1788 2130 2011 2217 perfectione,
2038 2146 2079 2199 et
2100 2130 2200 2199 valde

169 2157 291 2287 Daniel
313 2217 403 2285 clare
423 2221 516 2305 ponit
536 2219 808 2305 promissionem,
829 2219 1022 2284 necessario
1043 2217 1153 2301 requi·
1202 2220 1247 2283 sit
1268 2219 1451 2295 immunda,
1487 2218 1546 2283 Sic
1567 2218 1781 2283 iudicandum
1802 2229 1857 2283 est
1884 2219 1984 2284 etde
2019 2222 2199 2302 praedica·

170 2308 213 2370 rit
247 2304 365 2383 fidem,
397 2325 483 2391 quaa
515 2306 631 2370 eredat
663 2306 768 2390 gratis
799 2305 920 2369 remitti
959 2315 1101 2387 peccata
1132 2322 1154 2366 a
1202 2306 1294 2369 tione
1307 2306 1375 2382 ¹³⁸⁸)
1396 2302 1627 2388 poenitentiae.
1656 2302 1853 2390 Quanquam
1874 2304 1962 2369 euim
1983 2303 2200 2371 scholastici

171 2390 257 2456 Deo.
308 2389 505 2474 Quanquam
531 2392 631 2476 igitur
662 2394 696 2456 in
724 2390 927 2473 poenitentia
955 2406 1154 2453 commemo·
1203 2386 1284 2454 nihil
1312 2389 1445 2454 omnino
1469 2390 1511 2454 dc
1533 2388 1599 2454 fide
1620 2390 1655 2454 in
1672 2391 1823 2455 doctrina
1845 2391 2081 2475 poenitentiae
2106 2393 2200 2456 dixe·

171 2485 225 2541 rat
246 2496 367 2558 opera,
394 2487 503 2540 taumn
529 2475 597 2540 hoc
617 2474 739 2540 Daniel
760 2496 828 2541 non
850 2476 947 2553 dicit,
982 2474 1072 2559 quod
1088 2493 1155 2622 ¹per
1204 2487 1304 2553 runt,
1345 2485 1455 2539 tamen
1485 2476 1684 2540 arbitramur
1721 2477 1885 2540 neminem
1915 2476 2200 2543 aduersariorum

175 2579 278 2645 opera
295 2557 354 2625 illa
370 2578 556 2626 mereamur
573 2560 801 2626 remissionem
824 2570 1050 2645 peccatorum.
1119 2577 1154 2621 o·
1203 2571 1271 2625 tam
1302 2578 1381 2625 asse
1413 2559 1594 2636 furiosum,
1625 2572 1661 2625 vt
1688 2579 1731 2624 ne
1755 2570 1789 2625 et
1809 2558 2062 2627 absolutionem
2085 2561 2199 2628 Euan·

172 2648 284 2733 quitur
310 2647 397 2710 enim
419 2643 541 2711 Daniel
568 2667 636 2710 non
663 2643 771 2711 solum
799 2649 841 2712 de
868 2646 1064 2711 remissione
1085 2642 1155 2710 cul·
1205 2644 1284 2731 gelij
1308 2664 1425 2710 vocem
1447 2664 1536 2710 esse.
1581 2643 1687 2710 Porro
1717 2581 1885 2712 ahsolutio
1912 2646 1979 2712 fida
2000 2648 2118 2732 accipi
2141 2648 2199 2715 dc·

171 2752 248 2816 pue,
279 2732 357 2817 quia
384 2731 427 2797 de
455 2733 652 2797 remissione
667 2735 720 2808 ⁶⁸)
748 2752 879 2817 poenae
900 2729 1026 2796 frustra
1046 2730 1155 2815 queri·
1204 2734 1273 2812 bet,
1294 2742 1331 2796 vt
1353 2731 1459 2816 erigat
1479 2726 1752 2815 perterrefactum
1774 2732 2029 2797 conscientiam.

172 2830 244 2897 tur,
271 2817 337 2882 nisi
360 2836 420 2884 cor
447 2817 703 2903 apprehenderit
723 2818 814 2902 prius
836 2813 1155 2901 remissionemcul·
1290 2813 1404 2901 ltaque
1436 2816 1588 2880 doctrina
1614 2817 1852 2902 poenitentiae,
1879 2819 1957 2903 quia
1983 2837 2059 2882 non
2082 2816 2197 2885 solum

193 2924 243 2970 ae.
298 2902 475 2969 Caeterum
517 2905 547 2968 si
580 2903 766 2986 aduersarij
808 2913 934 2968 tantum
965 2898 1155 2988 intelligunt
1203 2922 1292 2967 noua
1312 2920 1416 2987 opera
1434 2901 1610 2989 praecipit,
1632 2904 1694 2968 sed
1716 2904 1996 2987 etiampromittit
2016 2904 2198 2971 remissiu-

204 2988 346 3055 anielem
372 2991 416 3055 de
442 2990 640 3056 remissione
668 3007 814 3074 poenae,
841 2986 924 3054 nihil
949 2999 1067 3053 contra
1087 3007 1153 3052 nos
1203 3008 1279 3055 nem
1301 2996 1533 3073 peccatorum,
1565 2988 1760 3055 necessario
1794 2990 1930 3075 requirit
1955 2988 2072 3056 fldem.
2116 2989 2198 3056 Nou

170 3073 272 3139 faciet
298 3074 353 3140 hie
377 3072 491 3155 locus,
514 3075 592 3162 quia
611 3076 658 3141 ita
681 3094 824 3141 necesse
845 3075 909 3140 erit
929 3074 1022 3160 ipsos
1044 3071 1153 3153 lateri,
1203 3075 1291 3140 enim
1307 3073 1468 3159 accipitur
1482 3076 1872 3160 remissiopeccatorum,
1892 3075 1957 3140 nisi
1975 3073 2057 3140 lide.
2095 3074 2195 3141 Sem-

171 3159 272 3309 2232,
291 3159 1153 3330 ‘iiiittttfliiqii‘itiitsittitttt
1202 3158 1468 3331 iiidiwhli
1488 3159 2077 3333 iidtititi’ii'fi‘ztititm
2130 3181 2196 3313 iz:

171 3329 293 3415 quibus
321 3330 524 3415 castigamur
549 3265 693 3416 millgari
718 3332 844 3396 nostris
870 3330 1091 3410 orationibus,
1120 3291 1154 3397 el
1202 3332 1403 3419 requiratur,
1429 3343 1466 3397 vt
1497 3330 1554 3397 hic
1574 3331 1694 3398 lilatth.
1712 3334 1756 3398 ri.
1805 3293 1849 3399 si'
1864 3332 2104 3411 dhniseritis')
2130 3330 2195 3398 hu·

169 3415 269 3480 bonis
296 3415 468 3500 operibus,
497 3415 641 3500 denique
669 3423 740 3480 tota
761 3417 981 3500 poenitentia,
1002 3414 1095 3480 iuxta
1116 3413 1153 3480 ii·
1202 3418 1344 3483 minibus
1366 3426 1505 3502 peccata
1527 3438 1652 3491 eorum,
1675 3418 1813 3484 dimittet
1835 3429 1868 3483 et
1889 3417 1988 3484 vobis
2008 3415 2117 3485 Pater
2133 3437 2194 3484 va·

170 3496 248 3578 lud,
279 3500 316 3567 Si
342 3519 407 3565 nos
436 3501 677 3581 indicaremus,
704 3519 773 3567 uon
799 3501 1022 3567 iudicaremur
1042 3521 1064 3566 a
1084 3499 1153 3566 Do·
1202 3514 1272 3568 ster
1294 3499 1454 3568 coelestis
1477 3501 1601 3569 delicta
1627 3515 1753 3570 vestra.
1796 3503 1860 3569 liic
1888 3501 2072 3590 requiritur
2092 3523 2194 3589 opus,

171 3586 271 3651 mino.
317 3585 360 3651 Et
382 3586 539 3652 leremiue
559 3606 616 3652 xv.
660 3587 698 3653 Si
720 3587 936 3667 conuerteris,
959 3597 1153 3653 conuertam
1203 3600 1236 3654 et
1252 3588 1385 3654 additur
1405 3588 1585 3672 promissio
1607 3590 1815 3656 remissionis
1832 3600 2074 3675 peccatorum,
2104 3608 2193 3676 quae

170 3682 223 3750 te,
254 3670 298 3736 Et
325 3670 508 3739 Zachariae
535 3672 661 3757 primo,
684 3670 921 3739 conuertimini
948 3673 993 3740 ad
1014 3691 1085 3752 me,
1119 3682 1154 3737 et
1201 3693 1272 3740 non
1300 3673 1463 3758 contingit
1489 3685 1625 3759 propter
1650 3696 1671 3742 o
1695 3696 1749 3754 us,
1772 3676 1835 3754 sed
1858 3685 1996 3759 propter
2014 3673 2192 3741 Christum

131 3838 135 3845 Ι
171 3775 237 3843 ego
268 3769 445 3823 conuertar
471 3757 515 3822 ad
542 3776 623 3837 vos,
656 3756 698 3824 Et
728 3756 820 3825 Psal.
838 3758 977 3825 xxxxix.
1027 3759 1153 3825 lnuoca
1202 3755 1388 3844 perfidem,
1409 3756 1599 3826 Sioutalibi
1616 3697 1728 3827 mullis
1747 3759 1835 3828 locis
1852 3770 1993 3827 testatur
2009 3761 2191 3847 scriptura,

170 3862 224 3907 ma
246 3842 281 3907 iu
301 3843 354 3908 dic
375 3838 606 3909 tribulationis.
1202 3846 1348 3911 Aetnam
1364 3865 1396 3911 x.
1431 3843 1516 3911 Huic
1531 3865 1647 3910 omnes
1658 3845 1847 3932 Prophetae
1868 3846 2097 3913 testimonium
2114 3866 2191 3932 per·

256 3924 443 3995 Teneamus
473 3929 575 4014 igitur
602 3926 666 3993 has
690 3926 829 4033 regulas
858 3929 893 3994 in
920 3928 1074 3994 omnibus
1095 3948 1152 3994 en·
1202 3931 1332 4005 hibent,
1365 3931 1596 3996 remissionem
1622 3944 1838 4015 peccatorum
1865 3932 2019 4016 accipere
2041 3951 2107 4015 per
2132 3950 2191 3997 ne

171 4013 291 4162 comijfis
307 4014 810 4165 toperumc,hiqrtprargdicattqma
837 4012 951 4165 legis?t
976 4015 1067 4165 ngid
1095 4012 1152 4081 lex
1201 4016 1374 4166 geniique,
1386 4018 1571 4168 omneslqui
1587 4018 1728 4084 eredunt
1743 4018 1876 4083 ineam.
1904 4016 1948 4082 Et
1964 4016 2008 4081 .1.
2019 4014 2139 4123 lohan-
2152 4018 2190 4101 ij.

168 4118 251 4250 :filli
271 4118 422 4268 phtelll:
434 4117 978 4270 sachlse.⁰’ltehluqutlllosihltaq¹hdh
999 4120 1152 4271 imqqsqqe·
1201 4119 1305 4270 Ephe.
1323 4114 1434 4252 lllmlrn
1462 4114 2189 4292 {homhahhhrchharellrelh'pllouhlumh'erffi

170 4268 237 4337 bile
265 4272 309 4336 sit
335 4267 473 4356 placere
493 4267 579 4338 Deo.
623 4269 852 4336 certissimum
879 4284 932 4336 est
953 4272 1040 4336 enirn
1061 4273 1152 4357 quod
1202 4274 1335 4359 guinem
1368 4272 1440 4339 eius
1472 4293 1506 4338 rn
1535 4274 1765 4340 remissionem
1796 4285 2023 4361 peccatorum.
2078 4273 2190 4349 Quan-

169 4357 323 4423 docuina
352 4355 441 4443 legis
472 4375 540 4423 non
572 4353 644 4423 vult
671 4354 793 4422 tollere
813 4356 906 4423 Euan
932 4353 1049 4434 elium,
1082 4376 1151 4423 non
1201 4375 1301 4443 quum
1322 4358 1401 4442 quid
1420 4378 1505 4443 opus
1526 4370 1580 4424 est
1601 4361 1743 4426 recitare
1769 4360 1968 4427 testimonia.
2013 4356 2113 4427 llaec
2133 4370 2191 4427 eat

170 4441 243 4507 vult
271 4440 389 4507 tollere
416 4442 672 4528 propiciatorem
690 4441 871 4509 Christum.
909 4377 958 4507 ht
983 4438 1150 4509 maledicti
1200 4444 1275 4527 ipsa
1312 4462 1380 4507 vox
1408 4442 1584 4533 Euangelij
1615 4447 1766 4531 propria,
1807 4446 2064 4532 quodpropter
2094 4444 2189 4512 Chri·

170 4527 237 4592 sint
249 4525 434 4608 Pharisaei,
456 4528 645 4609 aduersarij
664 4529 770 4592 nostri
788 4529 845 4677 qui
861 4526 972 4614 legem
989 4528 1035 4591 ita
1051 4528 1151 4594 inter·
1200 4540 1303 4608 stum,
1324 4548 1392 4593 non
1413 4542 1552 4614 propter
1573 4541 1691 4596 nostra
1711 4551 1828 4683 Ἥρα,
1849 4531 1915 4596 lide
1936 4551 2189 4616 consequamur

169 4622 353 4699 pratcntur,
374 4625 412 4678 vt
433 4614 591 4697 operibus
612 4613 759 4678 tribuant
778 4614 919 4699 goriam
942 4611 1078 4698 Christi,
1102 4615 1150 4679 vi·
1199 4615 1430 4681 remissionem
1462 4626 1694 4701 peccatorum,
1760 4638 1827 4685 ane
1860 4614 2035 4703 Euangelij
2067 4636 2188 4683 ¹rocam

170 4694 292 4764 delicet
318 4698 409 4785 quod
435 4701 505 4765 sint
530 4698 747 4784 propiciatio,
777 4700 867 4785 quod
889 4707 1078 4764 mereantur
1098 4718 1150 4764 ra·
1199 4700 1383 4783 aduersarij
1411 4703 1519 4768 nostri
1552 4702 1697 4769 obruere
1718 4714 1900 4781 conantur,
1925 4700 2016 4768 male
2042 4703 2188 4769 detonb

169 4784 360 4850 missionem
382 4796 607 4868 peccatorum.
652 4782 810 4871 Sequitur
830 4786 931 4872 igitur
950 4802 1084 4870 semper
1103 4785 1150 4851 ita
1199 4782 1286 4850 locis
1319 4787 1375 4871 qui
1408 4788 1579 4855 continent
1610 4788 1797 4856 doctrinam
1827 4787 1915 4876 legis
1947 4797 2005 4855 aut
2031 4808 2189 4875 operum.

168 4868 300 5021 laudari
321 4888 443 4954 opera,
474 4870 563 4959 quod
585 4867 742 4959 placeant
769 4881 907 4958 propter
921 4869 1041 4945 iidem,
1072 4873 1151 4960 quia
1200 4958 1265 5024 w)
1283 4957 1491 5026 praemorsas]
1509 4958 1558 5012 Μ
1579 4963 1603 5011 l·
1624 4970 1677 5029 W.
1695 4978 1760 5014 m
1779 4961 2003 5027 audemusne

168 5056 378 5075 —-—
1219 5040 1249 5110 ⁸)
1267 5042 1387 5097 same
1402 5043 1479 5097 sata
1500 5030 1666 5097 tarnem
1689 5047 1717 5096 a·
1737 5047 1851 5113 „aaa
1864 5046 1930 5113 soar
1951 5047 1976 5098 u
2000 5047 2032 5098 o
2051 5044 2117 5098 aaa
2139 5047 2186 5099 aa.

1268 5112 1383 5180 uipa't:
1420 5112 1497 5175 ,lion
1513 5127 1651 5179 possumus
1667 5115 1814 5178 remittere,
1832 5116 1885 5166 ulai
1906 5117 1979 5182 priua
1995 5116 2136 5167 remitam
2152 5119 2188 5167 ait

168 5178 218 5247 bd)
235 5180 269 5230 de
285 5176 451 5244 remmom]
468 5175 507 5228 tic
523 5174 557 5229 ul
573 5177 628 5245 ipso
644 5183 748 5229 more
763 5179 790 5228 is
806 5178 956 5247 Apologia
978 5178 1053 5230 testo
1070 5193 1148 5231 aaa·
1269 5181 1345 5232 uobis
1361 5188 1389 5233 ct
1404 5183 1497 5234 maur
1513 5183 1550 5232 ait
1564 5183 1641 5235 uobis
1656 5184 1763 5249 spiritur
1779 5192 1893 5235 metus.
1930 5181 2014 5249 &cai
2036 5181 2114 5249 bellu
2131 5196 2186 5239 tots

238 5246 314 5300 dm
329 5254 365 5301 a
384 5262 456 5301 m
477 5244 684 5315 mapsam
706 5247 841 5311 nubum,
861 5248 907 5316 ptri
926 5245 951 5300 lt
969 5246 987 5299 l.
1008 5248 1037 5297 ia
1053 5246 1104 5299 Sd.
1123 5249 1148 5299 i.
1268 5247 1346 5385 &a
1362 5246 1431 5305 litt
1446 5250 1485 5304 cll
1500 5250 1647 5321 tttpeW
1673 5251 1798 5321 (spiere
1815 5252 1833 5305 t
1852 5252 1869 5306 l.
1883 5267 1912 5321 p.
1931 5253 1991 5305 tta.
2011 5252 2046 5306 ab
2062 5251 2106 5306 hir
2118 5270 2188 5325 pas-

238 5323 401 5371 W·
423 5316 497 5385 ψ
755 5414 758 5419 Ι
1361 5318 1510 5388 Μ’)
