4756 6194
146 310 191 377 91

147 501 219 563 ndei,
237 501 336 550 ditans.
357 503 379 550 i.
399 500 489 551 Corin.
508 498 584 550 xm.
619 498 712 560 Fides,
734 510 807 562 apes,
831 497 959 559 charitas,
983 503 1035 551 tria
1055 500 1128 565 haec,

147 571 232 619 maior
250 576 337 618 autem
354 569 448 618 horum
466 567 587 617 charitas.
623 567 684 616 Non
703 568 784 629 igitur
807 567 856 616 soli
873 566 950 630 ildei,
973 569 1020 618 scd
1044 567 1128 620 chari·

147 639 197 688 tati
214 640 301 703 potius
320 645 347 686 et
365 638 467 701 gratiae
484 635 649 685 attribuenda
666 641 706 683 ost
723 633 883 685 iustihcatio.
912 636 960 685 Ait
977 638 1046 684 enim
1055 639 1128 703 Apo·

147 704 304 767 stolus,>Si
329 720 432 754 omnem
458 703 535 751 fidem
563 704 693 762 habuero,
723 704 761 751 ita
785 710 815 751 ut
840 709 942 752 montes
965 704 1128 769 transferam,

147 773 303 824 charitatem
319 761 475 822 autem'non
493 771 618 832 habuero,
637 772 702 821 nihii
721 785 786 820 snm.
824 771 940 835 Cumque
964 774 1035 822 idem
1058 773 1129 824 dicat

147 841 249 893 Coloss.
267 843 292 893 8.
323 842 407 908 Super
424 842 511 890 omnia
528 849 614 889 antem
633 839 785 888 charitatem
803 839 906 902 habete,
919 841 1048 892 Lutberus
1067 845 1128 892 con-

148 918 190 960 tra
207 912 253 971 ait,
271 910 348 960 fldem
366 911 467 959 elevare
486 917 588 972 oportet
610 923 688 973 snper
706 922 795 958 omnes
818 910 933 961 virtutes.
969 909 998 960 Si
1023 911 1128 974 quando

147 993 211 1027 vero
235 980 273 1028 uit
295 977 404 1038 Paulus,
429 977 507 1026 fidem
529 977 682 1037 iustificare,
709 983 735 1024 et
758 975 836 1024 fldem
860 992 917 1027 esse
936 977 1062 1028 iustitiam
1081 995 1129 1029 uo·

148 1053 237 1106 suam,
255 1047 365 1108 intelligi
384 1046 469 1105 debet,
487 1061 540 1095 non
559 1045 660 1094 deiide
678 1045 747 1103 sola,
777 1059 853 1108 quam
880 1047 976 1110 populo
1000 1047 1129 1097 Lutherus

76 1148 84 1161 .
148 1114 273 1174 obtrudit,
290 1115 336 1163 sed
354 1115 387 1162 de
404 1113 456 1162 lide
473 1127 519 1177 per
537 1113 703 1162 dilectionem
722 1120 859 1175 operante,
883 1129 960 1178 quam
984 1116 1065 1177 vulgo
1083 1131 1130 1166 vo·

149 1197 235 1233 carnus
252 1183 331 1233 fidam
348 1181 507 1246 formatam]

459 1398 531 1478 [Ad
553 1399 675 1463 artic.
698 1397 758 1478 V.]
773 1403 826 1478 86)

236 1555 272 1618 ln
295 1550 436 1619 articulo
461 1552 705 1637 quinto,'qnod
728 1553 868 1638 Spiritus
900 1564 1037 1618 sanctus
1067 1576 1128 1640 per

148 1644 255 1708 verba
286 1652 320 1704 et
347 1649 557 1704 sacramenta
585 1636 700 1714 detur,
733 1649 889 1724 tanquam
918 1659 979 1721 per
1007 1638 1155 1738 instra-l

147 1738 270 1810 menta,
295 1724 539 1807 comprobatur·
558 1724 611 1800 ³¹)
655 1721 713 1786 Sic
735 1725 822 1788 enim
844 1726 1004 1808 scripturn
1025 1726 1128 1791 habe·
1150 1748 1155 1855 q

149 1821 204 1877 tur
228 1813 293 1874 Act
315 1807 376 1874 X.=
399 1806 519 1872 Adhuc
540 1803 697 1892 loquente
711 1811 764 1886 88)
786 1810 891 1872 verba
912 1809 1018 1888 haec,
1041 1813 1127 1876 cecl-
1151 1865 1154 1873 .

102 1973 105 1977 y
150 1895 197 1960 dit
220 1894 363 1981 Spiritus
376 1894 411 1957 S.
435 1911 676 1976 superomnes,
699 1896 754 1979 qui
778 1895 952 1959 audierunt
968 1899 1021 1973 89)
1043 1895 1127 1960 Ver·
1150 1882 1155 1940 ¹

150 1983 239 2046 hum.
283 1979 325 2044 Et
346 1978 416 2044 loh.
439 1978 479 2042 l.:
512 1977 574 2042 llic
601 1990 671 2055 est,
693 1981 748 2065 qni
773 1981 918 2063 baptizet
944 1982 977 2044 in
1005 1981 1128 2066 Spiritu

150 2067 186 2132 S.
231 2065 330 2138 Quod
352 2076 460 2129 autem
483 2062 561 2127 fidei
582 2065 782 2129 mentionem
804 2065 859 2128 hic
880 2063 1022 2146 faciunt,
1039 2078 1128 2132 eate-
1151 2078 1155 2135 i

149 2171 215 2218 nus
242 2151 437 2227 admittitur,
452 2153 505 2225 ⁴⁰)
531 2159 695 2232 quatenus
724 2152 766 2214 de
799 2149 866 2214 fide
881 2154 934 2229 ⁴¹)
962 2173 1029 2216 non
1052 2151 1129 2218 sola
1151 2138 1155 2223 l

94 2249 97 2253 ’
151 2244 202 2317 (nt
230 2235 332 2321 aliqui
354 2232 442 2299 mule
464 2235 618 2312 docent),
643 2235 703 2297 sed
726 2255 812 2320 quae
834 2256 894 2319 per
917 2235 1128 2302 dilectionem

151 2316 1128 2489 hitlini?Ptitlitttt'iltiihil·itti:

151 2495 211 2559 sed
241 2429 278 2558 el
296 2512 394 2581 spes,
422 2493 563 2567 caritas,
611 2510 675 2554 uae
689 2495 742 2568 ⁴⁴)
772 2488 871 2555 simul
898 2448 1156 2583 infunduntunl

151 2589 188 2645 ut
214 2575 363 2643 declarat
387 2573 579 2640 Alexander
635 2596 718 2659 apa,
747 2574 786 2641 C.
817 2574 965 2642 Maiores
1001 2579 1044 2641 de
1071 2584 1156 2671 bai

150 2665 272 2748 ptismo
294 2673 328 2727 et
350 2664 421 2726 eius
443 2660 575 2725 ellectu.
590 2663 661 2739 ⁴⁴⁸)
695 2661 794 2734 Quod
813 2672 847 2725 et
867 2659 1059 2748 longeaute
1074 2667 1129 2739 46)
1153 2680 1156 2710 =

151 2751 263 2814 docuit
284 2746 449 2813 lohannes
472 2747 645 2829 Baptista,
669 2748 712 2811 de
724 2745 858 2812 Christo
880 2745 1024 2834 loquens
1047 2749 1129 2816 Luc.
1153 2722 1157 2773 ¹

150 2832 203 2899 lll.
247 2836 323 2918 lpse
344 2853 409 2898 vos
431 2833 613 2915 baptizabit
635 2832 669 2896 in
690 2832 815 2918 Spiritu
836 2834 873 2899 S.
895 2844 929 2899 et
950 2836 1039 2921 igne.
1054 2839 1108 2914 46)
1152 2777 1158 2935 l

148 3177 196 3244 88)
216 3178 259 3230 Ad
284 3181 335 3227 art
359 3174 402 3238 it]
426 3171 517 3223 (luel.
541 3173 569 3221 ιἰι
590 3174 750 3238 imeriptiom
779 3173 876 3226 exhibet
907 3176 981 3226 etium
1004 3192 1132 3241 arcuum-

218 3254 280 3295 tam:
312 3243 354 3294 De
383 3242 529 3292 ministerio
555 3240 705 3304 Evangelii.
728 3243 786 3292 item
812 3242 937 3307 Pilug.:
965 3243 1006 3294 De
1032 3243 1132 3311 Spiritu

218 3312 326 3365 Sancto.

149 3398 198 3466 Si)
215 3399 247 3448 ln
264 3398 375 3448 articulo
394 3396 494 3459 quinto,
512 3395 634 3460 quod-
653 3420 687 3432 -
705 3396 910 3462 comprobatam]
933 3397 1056 3462 Priape
1080 3400 1132 3448 Ar·

215 3468 322 3517 ticulum
351 3465 485 3530 quintum,
506 3463 594 3528 quoad
618 3465 783 3529 praecipuam
810 3464 1014 3533 confessionem,
1038 3465 1068 3517 Ο.
1092 3465 1131 3517 M.

216 3543 342 3601 acceptat,
361 3533 431 3599 quod
450 3547 488 3597 sp.
507 3547 527 3582 s.
545 3547 592 3598 per
610 3533 690 3581 verba
707 3540 733 3580 et
749 3542 914 3584 sacramenta
931 3535 1008 3585 detur
1032 3551 1049 3585 a
1072 3534 1130 3586 Deo

217 3612 338 3669 tauquam
364 3617 411 3665 per
435 3602 613 3651 iustrumenta.
654 3601 753 3650 Mon:
780 3603 812 3651 ln
838 3604 958 3654 Articulo
987 3603 1033 3654 .b⁰.
1060 3604 1132 3669 quod

219 3671 329 3737 Spiritus
348 3671 376 3723 S.
395 3684 442 3733 per
458 3669 539 3718 verba
557 3677 582 3718 et
599 3677 761 3718 sacramenta
779 3672 854 3721 detur
877 3680 999 3737 tanquam
1021 3687 1068 3737 per
1092 3675 1131 3724 in-

216 3748 366 3800 strumenta,
386 3739 463 3789 Caes.
482 3735 545 3786 Mis·
563 3737 722 3802 comprobat.

149 3826 198 3890 38)
216 3825 349 3891 loquente]
367 3823 494 3888 Chytr„
510 3822 618 3873 liebus
636 3823 759 3888 loquente
776 3823 855 3874 Petro

147 3911 195 3978 88)
213 3910 361 3975 audierunt]
379 3910 506 3974 chytr.,
524 3906 685 3970 Franck,
703 3910 793 3961 Has:
811 3910 954 3960 audiebant

146 3997 196 4064 40)
214 3996 378 4060 admittitur,]
395 3995 504 4045 Febr:
522 3994 692 4059 approbatur,

147 4082 196 4147 41)
215 4080 320 4198 {eilde}
335 4081 507 4144 sicOhytr.,
526 4077 633 4140 Saba,
651 4081 746 4143 llas.;
763 4079 956 4146 Desa.=ssde,·
974 4079 1130 4130 Franckn

236 4150 282 4200 des

147 4236 196 4302 42)
215 4232 274 4289 Gal.
294 4235 339 4303 Ἴ.)
360 4234 486 4299 Chytr.:
504 4234 540 4283 ad
557 4233 666 4285 Galatea
685 4233 786 4298 (coritae
805 4234 897 4302 remitis
913 4235 1026 4301 nmero)

148 4320 196 4388 43)
214 4321 391 4386 intelligitus]
410 4322 537 4386 Chytr.,
554 4317 663 4370 Faba:
682 4321 854 4391 intelligatur.

147 4406 196 4473 44)
214 4405 373 4472 caritasque]
402 4406 440 4456 sic
464 4395 690 4469 recte'Chytr.,
719 4405 825 4467 Faba,
851 4403 1007 4467 Brauon,
1035 4405 1131 4469 Has.;

217 4474 327 4526 Desa:
346 4477 453 4537 mritas,
472 4489 538 4541 quae

150 4559 214 4627 lta)
224 4559 375 4608 Alexander
392 4559 480 4624 l'apa,
496 4560 528 4611 c.
548 4559 663 4610 Maiores
686 4560 718 4610 de
741 4559 871 4625 baptismo
890 4567 917 4608 et
939 4560 994 4609 eius
1018 4556 1132 4623 effectu]

215 4628 301 4694 potius
317 4626 486 4676 Innocentius
502 4626 570 4687 IlI.,
587 4626 673 4692 Papa,
697 4629 724 4678 in
747 4626 879 4678 Decretal.
904 4625 985 4691 Greg.
1010 4624 1059 4679 lx.
1083 4626 1130 4678 lib.

218 4694 267 4746 111.
292 4696 331 4746 tit
352 4693 436 4744 xcii.
463 4695 506 4745 De
531 4695 661 4760 baptismo
680 4697 780 4747 eteius
798 4696 904 4758 effectu,
924 4710 981 4761 cap.
999 4695 1043 4756 8.,
1068 4694 1135 4761 qaod

219 4762 321 4883 qrds'ltIas·
337 4781 355 4814 c
365 4776 432 4880 gogo
448 4761 565 4883 lolaiotcs
583 4764 655 4830 (cide
671 4764 751 4831 corp.
769 4767 823 4815 lur.
844 4779 936 4815 canon.
962 4763 1003 4815 ec
1027 4763 1133 4815 Richter

147 4918 199 4986 48)
217 4917 387 5036 longelaute]
405 4920 442 4968 sic
459 4917 589 4982 Ohytr„
606 4917 758 4981 Franci„
782 4917 875 4979 Haa3
893 4918 1002 4981 Desa,
1025 4914 1132 4968 Subur

220 5000 256 5036 aa
310 5000 379 5051 cuge

150 5071 201 5139 48)
219 5070 264 5124 Sic
282 5073 350 5121 culm
375 5073 500 5136 scriptum
522 5070 633 5121 babetur
650 5074 710 5122 Aci.
728 5072 764 5123 X.
785 5100 818 5110 -
836 5100 869 5111 -
887 5073 915 5122 in
937 5070 1038 5137 Spiritu
1059 5069 1088 5123 S.
1108 5078 1135 5119 et

222 5140 307 5206 igne}
322 5157 372 5207 pro
389 5139 428 5192 Ma
445 5139 591 5206 subidente·
606 5142 635 5189 is
650 5140 760 5205 Pilug.
779 5139 852 5192 doec:
870 5140 922 5192 Sed
941 5141 1012 5206 quod
1029 5141 1064 5190 de
1078 5150 1132 5189 ma-

221 5210 280 5259 ritis
289 5211 472 5260 inculcaturiu
482 5210 601 5272 adculo,
617 5210 697 5262 cmi.
708 5210 1065 5276 aequerepnlitutprioran
1072 5208 1133 5260 arti·
1155 5186 1161 5248 l

207 5326 359 5371 ΙΙΙΔΙΤΗ.
373 5327 457 5370 OPES.
473 5328 536 5370 VOla.
550 5328 641 5373 mla

638 310 667 380 l.
708 307 992 377 constitutio
1015 309 1331 382 commarcam
1352 315 1671 386 AUGUSTANAE.
1769 414 1782 434 ο

1480 507 1553 585 ιιι
1575 509 1696 573 artie.
1719 508 1861 589 Vl.]⁴⁷)

1268 673 1366 746 Quod
1387 687 1496 740 autem
1517 676 1659 743 articulo
1682 692 1778 742 sexto
1794 684 1847 757 48)
1876 681 2086 764 confitentur,
2102 690 2161 761 ⁴⁹)

1180 756 1280 823 fidem
1300 760 1423 825 debere
1437 765 1492 833 ³⁰)
1514 783 1632 844 perere
1657 765 1763 829 honos
1781 762 1928 844 fructus,
1951 779 2058 833 ratum
2080 791 2159 855 gra·

1180 854 1316 929 tumque
1335 846 1489 924 habetur,
1504 851 1557 925 ὁΙ)
1588 850 1742 933 qnoniam
1757 853 1810 927 62)
1838 850 1924 916 fides
1952 853 2024 917 aine
2053 856 2161 939 operi·

1180 930 1245 994 bna
1278 944 1408 996 monna
1441 943 1501 996 est.
1548 933 1614 996 lac.
1638 933 1696 1011 ll.,
1726 945 1760 998 et
1783 946 1853 1000 tota
1877 935 2050 1021 Scriptura
2077 941 2160 1005 inni·

1180 1024 1229 1077 tat
1243 1017 1296 1088 ⁵⁸)
1336 1036 1399 1081 nos
1440 1018 1484 1081 ad
1516 1035 1629 1102 opera.
1685 1020 1771 1083 Nam
1804 1022 1940 1103 sapiens
1969 1024 2089 1108 inquit:
2105 1028 2160 1101 ⁶⁴)

1180 1098 1345 1171 Quodoun
1370 1122 1412 1166 ue
1433 1114 1546 1184 potest
1568 1123 1686 1170 manus
1708 1118 1764 1169 tua
1779 1108 1832 1180 ὁὸ)
1848 1105 1975 1185 fucere,
1996 1110 2161 1175 instanter

1180 1204 1332 1267 operare.
1384 1185 1446 1251 ccl.
1460 1186 1516 1252 ix.
1532 1193 1586 1267 ⁶⁶)
1620 1187 1662 1253 St
1684 1188 1776 1254 Deus
1788 1194 1936 1275 respexit
1947 1193 1989 1256 ad
2002 1193 2091 1258 Abel
2105 1197 2159 1273 67)

1180 1281 1213 1334 et
1234 1291 1372 1335 munera
1394 1274 1477 1337 eius.
1501 1272 1585 1338 Gen.
1605 1274 1660 1337 lV.
1696 1275 1796 1351 Vidit,
1819 1279 1907 1361 quod
1920 1276 2090 1343 Abraham
2105 1281 2158 1359 ³⁸)

1180 1368 1419 1440 praecepturus
1442 1371 1534 1423 esset
1550 1364 1604 1436 50)
1625 1356 1702 1423 liliis
1719 1363 1789 1424 suis
1812 1374 1845 1425 et
1863 1363 2156 1447 domuisuaepost
2249 1434 2252 1439 ,
2360 1415 2365 1424 .

1180 1458 1231 1520 se,
1252 1453 1289 1507 ut
1311 1444 1499 1509 custodiant
1521 1445 1607 1509 viam
1631 1441 1777 1524 Domini,
1800 1456 1833 1511 et
1853 1443 1978 1512 faciant
2000 1449 2155 1515 iudicium

1183 1633 1385 1646 -·--——-—

1249 1768 1393 1832 culum,qui
1403 1772 1497 1819 merita
1514 1778 1593 1833 negat
1603 1770 1704 1819 inclusa
1720 1772 1807 1835 gratia
1816 1771 1875 1832 Dei,
1890 1786 1949 1820 nam
1961 1771 2084 1822 Cornelio
2099 1787 2159 1823 ceu·

1248 1837 1346 1884 tririoni
1360 1838 1427 1885 dixit
1442 1838 1552 1902 angelus
1560 1840 1620 1889 Act.
1643 1840 1688 1887 10:
1708 1838 1846 1888 Orationes
1861 1848 1887 1888 et
1901 1842 2080 1905 eleemosynae
2099 1850 2159 1892 tuae

1248 1905 1421 1955 ascenderant
1437 1910 1464 1955 in
1482 1910 1631 1956 memoriam
1645 1908 1672 1955 in
1693 1916 1832 1971 conspectu
1847 1908 1907 1958 Dei.
1936 1909 1984 1957 Ille
2005 1919 2091 1958 tammr
2116 1909 2163 1960 ad·

1247 1971 1370 2021 hocerat
1390 1976 1495 2036 gentilis
1514 1983 1540 2024 et
1558 1975 1684 2025 ethnicus.
1702 1976 1839 2025 Existimat
1858 1991 1960 2040 quoque
1985 1977 2016 2027 O.
2037 1976 2073 2027 M.
2095 1978 2163 2028 hanc

1249 2041 1437 2090 confessionem
1464 2057 1520 2092 esse
1547 2044 1700 2093 diminutam
1726 2045 1753 2092 in
1777 2058 1824 2104 oo,
1851 2045 1922 2108 quod
1939 2046 2056 2094 meminit
2080 2046 2161 2095 solius

1249 2108 1309 2157 fidei
1326 2124 1374 2173 per
1395 2111 1555 2160 satierdotem
1574 2113 1666 2173 datae,
1684 2126 1762 2176 quum
1785 2114 1862 2161 etiam
1889 2113 2001 2162 charitas
2026 2121 2158 2177 praestan·

1248 2177 1300 2225 tior
1318 2187 1343 2226 ct
1359 2179 1473 2228 nobilior
1491 2181 1565 2228 detur
1583 2195 1629 2243 per
1647 2182 1819 2243 baptismum
1837 2181 1883 2230 illa
1895 2183 1962 2230 enim
1981 2182 2074 2231 dividit
2091 2182 2159 2231 iuter

1248 2244 1316 2294 lilios
1334 2245 1399 2295 lucis
1418 2255 1444 2295 et
1461 2248 1623 2310 perditionis.
1658 2249 1722 2297 ldeo
1747 2250 1770 2297 si
1792 2247 1885 2298 infanti
1909 2251 1936 2298 in
1959 2249 2088 2314 baptismo
2112 2250 2156 2298 da-

1248 2321 1319 2361 retur
1349 2315 1407 2364 scla
1433 2314 1496 2365 odes
1520 2318 1576 2366 sine
1599 2316 1738 2375 charitate,
1761 2332 1826 2381 puer
1849 2319 1897 2366 iste
1921 2331 1974 2366 non
1998 2324 2066 2366 esset
2088 2317 2158 2368 filius

1247 2381 1320 2441 lucis,
1339 2384 1513 2447 expelleretur
1531 2399 1572 2445 eo,
1591 2385 1663 2449 quod
1680 2391 1752 2432 veste
1766 2386 1875 2448 nuptiali
1885 2394 1993 2446 careret,
2012 2385 2104 2436 Matth.
2115 2385 2159 2435 88.

1249 2450 1324 2498 Hanc
1343 2466 1404 2500 vero
1423 2452 1577 2501 catholicam
1600 2452 1678 2501 fldem
1701 2454 1821 2514 agnoscit
1844 2453 1875 2503 C.
1894 2452 1931 2502 M.
1956 2467 2033 2517 quam
2056 2454 2112 2501 vult
2137 2461 2164 2503 et

1248 2517 1382 2582 Principes
1412 2521 1563 2570 observare:
1591 2521 1618 2569 in
1644 2519 1773 2585 baptismo
1800 2521 1893 2570 infanti
1921 2521 2011 2581 iidem,
2035 2536 2106 2584 spem
2134 2528 2162 2570 et

1250 2586 1401 2636 charitatem
1419 2590 1556 2651 praestari,
1577 2595 1604 2635 ut
1622 2589 1773 2637 Alexander
1790 2588 1863 2652 Papa
1881 2589 1972 2647 defluit
1996 2589 2026 2639 C.
2045 2589 2160 2639 Maiores
2256 2615 2262 2625 ι

1233 2654 1283 2711 ,de
1302 2656 1429 2720 baptismo
1449 2666 1475 2704 et
1493 2658 1549 2706 eius
1567 2655 1667 2706 effectu.
1706 2657 1740 2706 Et
1757 2660 1795 2707 sie
1813 2665 1883 2706 tenet
1901 2667 1928 2706 ct
1947 2658 2024 2707 docet
2042 2665 2099 2708 tota
2118 2671 2160 2707 ec·

1250 2724 1330 2772 clesia
1346 2723 1470 2775 fidelium.
1508 2725 1590 2774 Mon.
1613 2740 1671 2774 cero
1690 2740 1738 2790 pro
1761 2726 1795 2773 s's's
1818 2723 1890 2776 habet
1913 2724 2002 2777 haecce
2025 2743 2041 2774 ct
2066 2726 2167 2776 Desa.

1250 2793 1326 2840 multo
1348 2793 1428 2841 minna
1451 2791 1563 2842 diuersa:
1588 2790 1665 2851 Quod
1690 2801 1776 2841 autem
1798 2793 1860 2842 ndei
1883 2796 2040 2844 mentionem
2062 2793 2163 2844 iaciunt

1251 2859 1395 2922 Principes,
1414 2860 1488 2910 Caes.
1506 2861 1570 2910 Mus
1589 2868 1694 2909 eatenus
1712 2862 1831 2922 admittit,
1849 2869 1976 2924 quatenus
1994 2861 2091 2911 deiide
2109 2876 2164 2912 non
2251 2906 2261 2921 ,

1251 2927 1319 2989 sola,
1338 2937 1367 2976 ut
1390 2943 1479 2978 eorum
1503 2928 1708 2978 Concionatores
1732 2929 1799 2979 male
1822 2929 1932 2993 docent,
1956 2929 2002 2979 sed
2023 2944 2090 2994 quae
2116 2944 2165 2994 per

1252 2997 1418 3046 dilectionem
1436 2996 1754 3063 operatur,ntApostolus
1772 3005 1842 3046 recte
1861 2999 1938 3048 docet
1956 3000 1991 3049 ad
2008 2997 2116 3048 Galatas
2127 2999 2165 3062 b.,

1251 3065 1419 3128 intelligatur.
1454 3065 1485 3115 Iu
1504 3066 1630 3130 baptismo
1649 3069 1719 3116 euim
1736 3081 1790 3116 non
1807 3069 1865 3118 sola
1882 3067 1961 3129 lidos,
1984 3067 2031 3116 sed
2053 3073 2079 3116 et
2103 3081 2163 3133 apes

1251 3135 1397 3203 caritasque
1407 3134 1482 3183 simul
1501 3133 1682 3192 infunduntur,
1701 3136 1738 3183 uti
1757 3135 1872 3185 declarat
1881 3135 2032 3186 Alexander
2043 3135 2115 3199 Papa
2129 3136 2162 3188 0.

1251 3203 1311 3269 [pro
1329 3201 1359 3253 0.
1378 3202 1469 3252 colossi
1485 3219 1570 3253 errore
1581 3203 1687 3269 decitur:
1706 3202 1744 3268 8.]
1757 3203 1868 3254 Maiores
1881 3205 1914 3254 de
1931 3205 2060 3269 baptismo
2072 3210 2099 3252 et
2111 3205 2167 3255 eiua

1252 3271 1352 3330 effectu,
1379 3271 1450 3336 quod
1476 3280 1503 3320 et
1528 3272 1607 3336 louge
1634 3280 1712 3321 antea
1737 3273 1827 3322 docuit
1851 3273 1964 3323 loannes
1987 3271 2105 3341 Baptista
2132 3274 2166 3323 de

1252 3338 1358 3388 Christo
1384 3338 1493 3404 loquens
1516 3340 1580 3390 Luc.
1604 3339 1628 3392 3.
1655 3340 1716 3405 Ipse
1741 3355 1804 3391 vero
1828 3341 1967 3408 baptisavit
1989 3342 2091 3407 [caloni
2109 3357 2160 3392 sn.

1250 3423 1310 3473 prot
1329 3408 1480 3473 baptizabit]
1502 3410 1528 3457 in
1546 3411 1639 3472 spiritu
1657 3417 1748 3459 sancto
1767 3418 1793 3458 et
1810 3412 1878 3473 igne.

1182 3495 1231 3562 47)
1249 3494 1293 3543 Ad
1311 3501 1359 3542 art.
1385 3492 1444 3558 VI.]
1467 3491 1557 3542 Coei.
1581 3499 1607 3545 ist
1628 3496 1788 3563 inamipts'onc
1815 3492 1859 3542 doc
1882 3494 1952 3544 addit
1976 3501 2156 3559 croamsntass:

1251 3561 1388 3680 Remis
1407 3561 1542 3627 operibus,
1560 3562 1668 3624 Pilug.
1688 3570 1768 3613 ornem
1784 3560 1869 3612 hocce:
1888 3562 1930 3611 De
1952 3562 2004 3612 lide
2029 3569 2055 3611 et
2079 3563 2156 3613 bouis

1182 3716 1230 3782 48)
1249 3645 1358 3766 arllcum
1376 3712 1463 3779 sexto]
1480 3713 1589 3764 Febr:
1607 3721 1685 3764 sexto
1702 3715 1823 3765 Articulo

1182 3801 1230 3866 49)
1249 3798 1424 3863 confitentur,l
1442 3798 1514 3849 Piln
1520 3814 1562 3861 g.,
1580 3799 1610 3848 M
1616 3814 1680 3850 on:
1699 3799 1833 3863 Principes
1852 3800 2018 3861 confitentur,

1181 3887 1230 3951 80)
1249 3883 1356 3949 debere]
1375 3886 1402 3932 in
1418 3883 1514 3934 Febr.
1534 3883 1611 3935 deest.

1182 3972 1230 4037 81)
1249 3978 1333 4021 ratum
1351 3976 1504 4034 gratumque
1522 3968 1653 4035 habetur,]
1671 3969 1796 4036 Piiugn
1815 3972 1846 4023 C.
1862 3971 1986 4021 Maiestas
2004 3979 2086 4022 ratam
2103 3954 2164 4036 qra-

1251 4048 1354 4102 tamque
1372 4037 1452 4088 habet
1468 4037 1537 4088 hauc
1555 4038 1758 4102 confessionem,
1775 4038 1874 4091 Mon:
1892 4038 1925 4090 C.
1942 4039 2065 4093 Maiestas
2081 4048 2166 4092 ratam

1252 4115 1355 4172 gratum
1372 4107 1458 4168 habet,

1181 4194 1230 4256 88)
1248 4193 1365 4255 habetur,
1383 4192 1520 4259 quoniam]
1538 4192 1648 4245 Faber
1665 4193 1784 4244 habetur.
1821 4191 1890 4253 Quin

1183 4278 1230 4345 88)
1248 4278 1351 4344 invitat]
1371 4278 1495 4343 Pilaq:
1513 4279 1622 4328 remittit
1639 4277 1739 4342 (Mon.
1757 4297 1794 4327 =
1809 4277 1919 4344 Desa.)

1181 4366 1231 4432 84)
1248 4365 1443 4500 Ῐῦιειιειυιῖρίοιιο
1466 4362 1577 4430 iuquit:]
1600 4362 1727 4427 Prien:
1751 4371 1780 4412 ut
1802 4365 1905 4429 sapiens
1933 4365 1981 4414 ait:
2008 4361 2109 4429 (Mon.
2128 4378 2165 4412 ε

1182 4519 1231 4587 88)
1248 4472 1443 4585 potestmanns
1462 4514 1519 4582 tua]
1542 4515 1670 4581 chris,
1687 4517 1797 4567 Faba:
1814 4530 1907 4566 manns
1925 4524 1969 4566 tua
1979 4523 2071 4598 potest

1182 4604 1230 4672 88)
1250 4603 1430 4670 Quodcunque
1516 4617 1636 4667 operare.
1662 4602 1734 4653 licei.
1758 4600 1821 4667 nt]
1844 4604 1882 4700 sic
1905 4601 2035 4718 Chydtn,
2057 4597 2165 4662 Febr..

1251 4668 1964 4806 tenti-st?‘certissisimis‘
1983 4682 2162 4803 thium

1183 4896 1232 4962 87)
1249 4823 1522 4960 Stlldrlamreespexlt
1548 4895 1583 4946 ad
1604 4893 1686 4960 Abel]
1715 4892 1836 4957 Prien:
1860 4892 1933 4942 Dens
1960 4893 2029 4941 enlm
2051 4890 2165 4941 libenter

1252 4966 1443 5100 ffliffiqopm
1457 4969 1548 5014 nostra
1563 4962 1640 5024 hona,
1658 4964 1725 5013 sicut
1741 4962 1856 5026 respexit
1877 4963 1905 5011 in
1923 4960 1991 5010 Abel
2014 4957 2114 5025 (Mon.
2130 4975 2169 5009 ε

1184 5122 1232 5188 88)
1252 5121 1333 5180 Vidit,
1351 5119 1419 5186 quod
1436 5117 1581 5183 Abraham]
1602 5116 1708 5166 rane:
1727 5114 1849 5181 viditque
1866 5115 1999 5167 abraham
2016 5113 2088 5178 qaod
2151 5150 2156 5157 .

1184 5205 1232 5272 bS)
1251 5203 1329 5274 esset]
1348 5205 1473 5268 Prion,
1490 5202 1590 5254 Mons
1608 5209 1665 5254 crat

1949 5301 1964 5350 ‘l
