4786 6210
189 418 258 499 UD
530 458 540 495 ·.
639 417 753 490 ΡΗΙΙι.
773 417 881 493 hiliis
901 416 1091 489 salutm
1111 416 1381 487 nonnam
1401 416 1461 489 ΕΤ
1480 415 1753 487 8ΥΜΒΟΠοΔ.
2134 416 2205 487 b!

94 634 97 639 ·
191 628 291 675 namo
319 607 438 674 debeat
467 608 613 675 condere
638 623 695 675 aut
716 610 869 695 recipere
890 608 1084 674 traditiones
1105 606 1171 675 hac
1222 607 1473 693 magistratuum
1495 618 1528 671 et
1550 606 1692 672 connium
1715 601 1860 673 ciuiliuru
1879 605 2135 685 ordinationum,
2158 606 2203 673 de

192 694 369 780 opinione,
400 694 489 779 quod
522 707 712 761 mereantur
747 693 1024 761 iustificationenr.
1077 691 1171 759 'lunc
1223 693 1413 759 discrimine
1445 692 1539 779 regni
1573 690 1716 771 Christi,
1749 710 1811 757 seu
1837 691 1933 779 regni
1958 690 2141 775 spiritualia
2166 702 2203 759 et

191 781 291 847 etiam
323 781 353 844 si
384 780 459 864 quis
491 781 666 857 obserant,
699 782 858 847 obseruet
872 784 925 859 98)
956 781 1029 845 sine
1058 799 1172 865 super·
1220 778 1429 886 politicarum
1459 795 1586 850 rerum,
1609 778 1652 844 de
1679 777 1854 863 coniugio,
1883 778 1927 843 de
1948 778 2147 845 educatione
2165 788 2202 845 et

193 866 336 931 sticione
358 875 513 950 tanquam
541 863 698 951 politicos
720 888 831 933 mores
853 867 938 931 sicut
961 866 1034 931 sine
1056 885 1170 951 snper·
1221 865 1433 930 institucione
1465 884 1660 949 puerorum,
1693 866 1737 929 de
1769 866 1939 951 castitate,
1973 863 2015 929 de
2047 866 2202 931 omnibu

192 952 333 1017 sticioue
355 948 451 1016 aliter
473 953 660 1017 vcstiuntur
681 949 814 1032 milites,
837 949 934 1018 aliter
955 949 1169 1017 Sclrolastici.
1220 947 1343 1036 officijs
1373 950 1532 1016 caritatis.
1576 949 1628 1014 Ex
1656 951 1722 1016 boc
1755 963 1843 1014 statu
1870 945 2099 1017 Ecclesiaruru
2120 952 2201 1017 iudi·

192 1034 347 1122 Apostoli
360 1034 485 1102 violant
497 1037 703 1110 munitiones,
725 1049 972 1106 etexcusantur
988 1035 1168 1104 aGbristo.
1221 1038 1291 1103 cari
1311 1046 1430 1122 potest,
1451 1056 1516 1102 nos
1539 1033 1747 1121 disciplinam
1765 1032 2049 1115 Ecclesiasticam,
2069 1047 2104 1101 et
2124 1036 2200 1121 pias

191 1120 273 1187 Erat
295 1123 381 1188 enim
404 1121 593 1206 exemplum
615 1125 855 1190 ostendendum
874 1123 1056 1201 Phariscis,
1078 1123 1167 1209 quod
1222 1124 1438 1201 ceremonias,
1460 1132 1494 1187 at
1517 1123 1623 1188 bonos
1645 1141 1759 1188 mores
1777 1120 2038 1189 Ecclesiasticus
2060 1119 2198 1211 diliges·

191 1205 239 1272 illi
267 1206 376 1274 cultus
405 1221 522 1274 essent
549 1206 691 1275 inutiles.
736 1209 776 1275 Et
804 1212 834 1273 si
862 1230 948 1296 quas
975 1211 1168 1274 traditiones
1219 1219 1270 1274 ter
1292 1228 1506 1275 conseruare.

191 1315 308 1379 parum
336 1295 529 1379 connnodas
559 1296 712 1361 omittunt
738 1296 859 1377 nostri,
888 1296 978 1362 Satis
1001 1316 1091 1361 nunc
1113 1315 1169 1361 ex·
1305 1295 1359 1359 Ac
1381 1293 1424 1359 dc
1445 1293 1696 1359 mortificatione
1719 1293 1848 1372 nmis,
1872 1306 1903 1358 et
1925 1291 2101 1378 disciplina
2124 1313 2197 1360 cor·

192 1381 300 1447 cusati
321 1392 416 1458 sunt,
446 1399 521 1445 cuni
541 1400 579 1445 re
605 1382 755 1449 uisuntur
776 1393 934 1469 tanquam
956 1401 1170 1466 promerean·
1218 1382 1312 1465 poris
1343 1380 1388 1444 ita
1415 1381 1593 1457 docemus,
1625 1381 1713 1445 sicut
1742 1390 1856 1444 namat
1889 1376 2078 1458 confessio,
2111 1380 2200 1466 quod

192 1476 245 1531 tur
267 1464 544 1533 iustificationcm.
581 1402 681 1538 llalis
712 1468 797 1533 eninr
828 1467 939 1555 opinio
966 1469 999 1533 in
1022 1466 1169 1533 traditio·
1220 1486 1301 1532 vera
1330 1477 1363 1530 et
1392 1487 1459 1531 non
1487 1461 1643 1531 simulata
1662 1466 1875 1530 mortificatio
1902 1463 1962 1530 ilat
1981 1485 2044 1553 per
2066 1485 2202 1533 cracem

189 1551 288 1618 nibus
311 1563 364 1617 est
385 1551 496 1635 impia.
1002 1598 1006 1605 -
1220 1566 1254 1619 et
1282 1549 1502 1630 afflictiones,
1528 1552 1651 1637 quibus
1676 1548 1773 1617 Deus
1800 1563 1934 1617 exercet
1961 1571 2036 1617 nos.
2079 1549 2116 1616 ln
2146 1552 2201 1619 hit

275 1635 452 1704 Caeterum
493 1636 687 1703 traditiones
727 1652 860 1704 veteres
900 1635 1009 1704 iactas
1042 1639 1074 1701 in
1106 1634 1169 1703 Ec·
1221 1637 1442 1704 obediendum
1474 1648 1527 1702 est
1558 1634 1718 1703 voluntati
1752 1636 1833 1716 Dei,
1867 1638 1953 1702 sicut
1983 1636 2029 1703 ait
2061 1634 2200 1718 Paulus,

189 1720 317 1802 alesia,
357 1720 507 1789 utilitatis
540 1736 574 1789 et
607 1722 856 1810 tranquillitatis
889 1744 995 1792 causa
1027 1720 1170 1789 libenter
1220 1724 1386 1790 Exhihcte
1419 1743 1474 1789 cor
1504 1742 1565 1787 ora
1597 1735 1712 1789 vestra
1743 1720 1886 1788 hostiam
1919 1734 1985 1790 cte.
2039 1722 2084 1789 Et
2115 1720 2202 1791 haee

189 1827 374 1884 seruamus,
396 1828 522 1895 easque
542 1809 797 1894 interpretamur
818 1808 895 1897 πρὸς
915 1808 950 1875 ad
971 1806 1169 1895 rdpnpdaaoor
1220 1822 1298 1876 sunt
1331 1807 1513 1894 spiritualia
1540 1809 1700 1875 exercitia
1726 1808 1855 1875 timoris
1881 1820 1915 1875 et
1941 1809 2029 1875 lidel.
2074 1806 2201 1877 Vera·

189 1891 1094 2069 isltitilttnt”initialsnstitit
1116 1896 1169 2047 l?
1218 1893 2201 2068 {tibitibi-”inlinisisitii*,tm

190 2066 393 2145 dinatioues,
421 2067 512 2152 quod
534 2064 742 2153 disciplinam
764 2027 940 2134 Ecclesiae
961 2066 1166 2133 aboleamus.
1219 2068 1356 2146 sarium,
1377 2067 1419 2133 dc
1440 2087 1507 2152 quo
1529 2064 1685 2141 Christus
1705 2068 1763 2132 ait.
1807 2064 1933 2133 Cauete
1960 2087 2004 2134 ne
2024 2067 2130 2133 corda
2144 2070 2200 2149 ⁸⁴)

182 2150 281 2216 'Veia
309 2152 395 2218 enim
416 2153 610 2237 praedicare
637 2172 816 2238 possumus
838 2152 1005 2239 publicam
1025 2149 1167 2218 sormam
1217 2165 1331 2218 vestra
1354 2166 1534 2238 grauentur
1555 2150 1703 2238 crapula.
1730 2151 1772 2217 Et
1792 2148 1928 2219 Paulus.
1960 2150 2102 2303 Cast&
2125 2172 2200 2219 cor·

187 2233 416 2309 Ecclesiarum
450 2239 538 2324 apud
571 2258 636 2303 nos
668 2238 893 2305 honestiorem
926 2259 1027 2316 esse,
1067 2258 1166 2325 quam
1219 2260 1282 2325 pus
1306 2259 1435 2318 meum,
1466 2249 1499 2304 et
1527 2239 1561 2303 in
1582 2240 1777 2305 seruitutem
1798 2239 1915 2326 redigo
1938 2249 2002 2306 etc.
2109 2237 2200 2305 haec

187 2322 612 2474 ttlltlttffffltni‘
632 2324 1165 2499 illlls‘wlidllilliliali
1216 2324 2057 2491 iiiiiisttsltltttlntittltlsl:
2078 2321 2200 2479 ilii·

234 2454 244 2487 s
740 2464 749 2476 ·
794 2456 805 2491 a
1158 2463 1165 2477 ·
1442 2454 1454 2490 s
2186 2444 2201 2461 ·

64 2575 67 2579 ,
188 2493 288 2578 Apud
309 2494 524 2561 aduersarios
545 2494 670 2561 lllissns
696 2493 823 2562 iaciunt
850 2493 1033 2563 sacrificuli
1060 2490 1165 2574 inuiti,
1217 2507 1270 2561 tas
1304 2497 1423 2563 obruat
1462 2515 1543 2575 uos,
1582 2507 1616 2561 ct
1651 2496 1768 2563 reddat
1801 2516 1943 2563 securos
1977 2508 2012 2562 et
2048 2496 2200 2576 ociosos,

189 2590 222 2644 et
244 2580 401 2646 mercede
423 2580 599 2658 conducti,
627 2592 661 2645 et
689 2578 906 2669 plaerumque
933 2594 1060 2649 tantum
1081 2600 1165 2649 ruer·
1217 2603 1283 2670 qua
1311 2601 1354 2647 ex
1381 2601 1420 2647 re
1442 2581 1498 2661 fit,
1529 2593 1565 2648 vt
1592 2580 1768 2648 allectibus
1797 2582 1908 2647 carnis
1942 2577 2033 2649 indul
2067 2578 2071 2583 ’
2123 2591 2200 2647 tet

189 2664 282 2730 cedis
306 2684 426 2744 musa,
455 2662 779 2747 cruentissimos,
801 2687 869 2733 uon
889 2680 927 2734 vt
949 2667 1088 2744 dlscant,
1108 2675 1167 2735 aut
1217 2671 1446 2754 obtemperent
1473 2667 1636 2733 homines.
1680 2666 1773 2733 llaec
1801 2665 1971 2756 diligentia
1998 2669 2042 2733 de
2088 2680 2201 2733 tasse

188 2761 301 2828 orent,
329 2750 396 2816 Sed
420 2747 530 2817 cultus
552 2772 675 2832 carisa,
702 2754 797 2840 quasi
819 2750 901 2820 illud
924 2774 1009 2839 opus
1031 2756 1074 2820 sit
1096 2751 1166 2819 cul·
1321 2769 1400 2832 tua,
1433 2754 1511 2840 quia
1541 2751 1643 2819 haltet
1675 2763 1870 2840 perpetuum
1903 2755 2093 2821 mandatum
2119 2750 2198 2821 Dei.

186 2846 242 2903 tus
272 2848 329 2902 aut
352 2846 443 2903 certe
471 2839 636 2905 mercedis
663 2860 778 2906 causa.
823 2841 923 2923 Apud
944 2860 1008 2906 uos
1030 2850 1167 2906 utuntur
1216 2774 1349 2907 mn
1381 2840 1531 2923 praescri
1555 2849 1590 2904 ta
1628 2836 1736 2905 forma
1769 2852 1935 2907 certorum
1973 2841 2126 2907 ciborum
2157 2858 2199 2911 aa
2273 2842 2276 2849 '

187 2942 294 2989 coena
319 2920 455 2988 Domini
477 2922 571 2991 multi
598 2922 741 3012 singulis
768 2925 963 3006 dominicis,
989 2928 1051 2992 sed
1072 2926 1166 3076 f'rius
1217 2936 1403 3011 temporum
1424 2922 1506 2990 nihil
1560 2925 1606 2992 cit
1624 2926 1667 2992 ad
1689 2925 1936 2993 cohercendum
1958 2944 2105 2999 carnem.
2136 2923 2199 2997 en

187 3010 340 3088 instituti,
363 3006 546 3095 explorati,
569 3023 603 3077 et
620 3007 787 3092 absoluti,
808 3010 908 3077 Pueri
929 3022 1052 3083 eanum
1100 3007 1166 3077 sal·
1217 3011 1304 3078 enim
1325 3007 1497 3077 delicatior
1523 3022 1557 3078 et
1579 3012 1807 3098 sumptuosior
1834 3033 1934 3100 quam
1960 3009 2091 3099 reliqua
2118 3031 2202 3079 con·

186 3113 261 3160 uros
280 3106 316 3159 rt
338 3095 482 3174 discant,
502 3098 592 3163 canit
613 3109 702 3184 etpo
725 3094 815 3178 ulus,
837 3107 872 3164 rt
893 3094 948 3164 vel
969 3098 1091 3175 discat,
1111 3092 1168 3163 vel
1217 3098 1317 3163 ninia.
1360 3095 1404 3162 lit
1426 3117 1471 3164 ne
1491 3098 1675 3184 aduersarij
1697 3097 1831 3185 quidem
1852 3100 2036 3167 obseruant
2057 3093 2201 3171 forman

187 3190 273 3245 oret.
306 3180 406 3264 Apud
424 3181 681 3250 aduersariosn
773 3201 913 3271 prorsus
935 3194 988 3249 est
1006 3183 1169 3266 κατήχησκ
1217 3185 1251 3251 ln
1274 3180 1468 3251 canonibus
1489 3184 1656 3251 nuditum.

187 3283 389 3351 puerorum,
422 3266 464 3331 de
495 3287 563 3354 qua
594 3268 726 3355 quidem
758 3270 967 3373 praecipiunt
995 3268 1167 3335 canones.
1303 3265 1426 3337 hlultas
1447 3281 1481 3335 et
1506 3266 1661 3337 difficiles
1683 3269 1931 3355 disputaclonea
1947 3266 2051 3337 habet
2071 3264 2129 3335 lile
2150 3264 2201 3339 lo-
2266 3318 2270 3323 -

187 3350 286 3436 Apud
316 3370 378 3415 uos
408 3371 450 3417 co
497 3362 575 3418 ntur
600 3364 756 3439 pastores
782 3369 817 3422 et
838 3355 977 3425 ministri
999 3351 1167 3421 Ecclesia·
1218 3375 1278 3423 cua
1301 3357 1344 3421 de
1364 3354 1619 3436 traditionibus,
1638 3375 1680 3422 ac
1700 3376 1764 3421 uos
1786 3356 1899 3441 reipsa
1919 3354 2050 3441 experti
2069 3372 2200 3433 mmm,

185 3456 271 3588 itti
293 3432 1081 3612 {illinistisinitiantibus
1108 3436 1168 3591 ,l‘
1217 3440 2096 3615 nfflstnnffliitsstssffldffi
2111 3436 2199 3597 ῗὲῗ

185 3611 357 3681 uersarius
389 3611 423 3675 in
454 3600 568 3676 multis
601 3609 797 3697 regionibus
829 3622 901 3679 toto
933 3632 1021 3678 anno
1054 3608 1167 3678 nullae
1217 3615 1307 3681 ciam
1334 3614 1559 3683 cmrscieutlas
1584 3572 1884 3698 praetermittenles
1910 3609 2055 3700 aliquam
2085 3612 2200 3681 obaer-

186 3693 351 3763 habentur
372 3697 569 3777 conciones,
614 3708 823 3784 raeterquam
844 3698 878 3763 in
900 3695 1167 3787 quadrageslma.
1216 3700 1396 3767 nationem.
1419 3697 1549 3766 Rursus
1572 3700 1749 3785 abrogatis
1770 3719 1834 3765 sua
1854 3698 1956 3765 habet
1977 3696 2199 3771 incommoda.

188 3780 291 3866 Atqui
323 3781 524 3869 praecipuus
557 3718 667 3849 cultus
699 3782 763 3849 Dei
797 3797 868 3866 cst,
902 3787 1025 3851 docere
1057 3781 1167 3850 Euan·
1217 3804 1298 3855 suas
1319 3787 1546 3871 quaestiones.
1581 3785 1650 3853 Sed
1672 3805 1736 3850 nos
1758 3781 1889 3851 facilem
1911 3796 1945 3851 et
1966 3781 2102 3871 dnn
2120 3802 2200 3853 cau·

189 3864 321 3954 galium.
364 3866 406 3933 Et
427 3889 504 3935 curn
524 3869 766 3935 concionantur
786 3870 970 3957 aduersarij
994 3870 1107 3936 dicunt
1124 3870 1167 3934 de
1216 3891 1289 3939 saun
1310 3868 1493 3949 hahemus,
1519 3873 1598 3959 quia
1618 3871 1805 3957 aduersarlj
1828 3871 1985 3937 damnant
2006 3888 2084 3950 nos,
2105 3867 2198 3955 quod

187 3951 420 4020 traditionibus
441 3952 605 4034 humanis,
627 3954 669 4019 de
685 3952 777 4021 cultu
799 3968 1005 4035 sanctorum,
1029 3967 1061 4021 et
1079 3956 1166 4021 simi·
1216 3958 1375 4023 docemus
1408 3959 1602 4024 traditiones
1635 3955 1799 4025 humanas
1830 3978 1898 4023 nun
1924 3955 2046 4023 mereri
2081 3954 2199 4023 ΜΒ·

187 4036 277 4104 libus
310 4040 430 4127 nugis,
462 4060 546 4125 quas
579 4040 651 4106 iure
681 4037 805 4107 fastidit
837 4039 994 4128 pupulus.
1050 4039 1167 4128 ltaque
1215 4044 1342 4109 aionem
1382 4055 1608 4127 peccatorum.
1665 4040 1745 4109 ltetu
1782 4042 1955 4129 requirunt
1985 4036 2201 4109 wiuamalea

134 4168 137 4175 -
188 4125 388 4190 deseruntur
417 4127 529 4190 statim
561 4126 682 4204 inicio,
760 4140 890 4213 stquam
923 4128 1083 4194 recitatus
1114 4137 1167 4192 est
1216 4130 1410 4197 traditiones
1461 4149 1522 4195 uas
1548 4130 1599 4195 sic
1627 4140 1768 4208 vocant,
1795 4139 1952 4214 nusquam
1980 4126 2199 4195 neaemias

82 4251 86 4259 -
185 4207 360 4298 Euangelij
383 4222 504 4276 textus.
548 4209 650 4278 Pauci
672 4147 806 4298 qulAam
833 4210 989 4279 meliores
1012 4234 1102 4279 nunc
1123 4214 1166 4278 de
1214 4215 1258 4281 ad
1291 4150 1567 4282 iustilirallonem.
1611 4212 1676 4282 llic
1705 4213 1870 4281 hahemus
1902 4213 2083 4281 Patrouum
2113 4230 2198 4279 cau·

186 4297 284 4363 bonis
307 4297 467 4383 operibus
495 4296 608 4364 dicere
634 4298 804 4384 incipiunt.
848 4296 903 4366 De
923 4298 1055 4365 iusticia
1076 4298 1166 4378 fidel,
1215 4311 1358 4365 stantem
1380 4296 1538 4380 Paulum,
1565 4302 1621 4387 qui
1649 4301 1771 4387 vhique
1799 4301 1969 4368 contendit
1994 4298 2057 4365 has
2078 4298 2198 4365 obser·

186 4383 229 4448 de
250 4382 316 4448 lide
338 4385 370 4449 in
383 4380 563 4465 Christum,
586 4382 871 4451 deconsolatlone
887 4385 1166 4452 conscientiarum
1215 4385 1368 4451 ustiones
1394 4406 1505 4471 neque
1525 4384 1724 4464 iustificare,
1752 4405 1862 4471 neque
1888 4385 2099 4452 necessarias
2115 4402 2198 4450 essa

186 4464 267 4533 nihil
299 4469 422 4535 meunt.
477 4471 546 4537 lmo
586 4469 675 4535 hauc
710 4467 962 4539 saluberrimam
992 4468 1165 4559 Euangellj
1187 4469 1193 4507 '
1217 4492 1319 4556 supra
1339 4472 1503 4537 iusticiam
1524 4472 1614 4538 lidei.
1628 4473 1682 4550 ⁹⁶)
1721 4469 1764 4537 Et
1784 4484 1893 4536 tamen
1915 4491 2011 4537 usum
2031 4469 2200 4537 libertatis

186 4563 315 4639 partem
340 4552 503 4621 lacerant.
521 4556 688 4641 conuitijs.
732 4554 877 4622 Econtra
902 4558 934 4623 in
956 4557 1083 4623 nostris
1102 4556 1166 4622 Ec·
1215 4558 1250 4625 ln
1272 4557 1324 4622 his
1350 4559 1471 4637 rebus,
1501 4559 1549 4622 ita
1571 4558 1810 4624 moderandum
1838 4576 1916 4623 esse
1937 4557 2118 4636 docemus,
2151 4574 2200 4622 ue

187 4634 303 4725 clesijs
330 4656 445 4706 omnes
468 4642 644 4709 contiones
671 4641 704 4706 in
726 4638 780 4707 his
806 4640 891 4708 locis
914 4654 1165 4722 consumuntur,
1216 4643 1357 4728 imperiti
1385 4642 1610 4730 offendantur,
1638 4656 1671 4710 et
1698 4653 1835 4729 propter
1862 4644 2003 4710 abusum
2031 4640 2197 4707 libertatis

186 4722 230 4791 de
250 4726 469 4809 poenitencia,
492 4730 534 4794 de
554 4728 672 4794 timore
683 4727 760 4809 Dei,
782 4727 825 4795 de
846 4725 912 4794 fide
933 4728 966 4793 in
985 4725 1165 4809 Christum,
1217 4727 1298 4797 liant
1329 4730 1510 4815 iniquiores
1543 4750 1646 4797 verae
1679 4729 1851 4795 doctrinae
1880 4724 2077 4815 Euangelij,
2108 4746 2200 4795 neue

188 4808 230 4876 de
256 4810 387 4877 iusticia
408 4812 504 4894 lidei,
535 4814 577 4879 de
617 4811 847 4880 consolatione
886 4814 1166 4880 conscientiarum
1216 4816 1291 4882 sine
1311 4814 1477 4902 probabili
1498 4836 1603 4882 musa
1624 4826 1770 4881 mutetur
1788 4811 1912 4901 aliquid
1930 4814 2107 4881 inusitatis
2127 4812 2199 4878 riti·

186 4916 248 4983 per
265 4895 381 4974 fidem,
414 4898 456 4964 de
483 4900 653 4986 exercitijs
679 4899 773 4980 fidei,
808 4901 1023 4967 decretione
1056 4897 1166 4988 qualis
1216 4903 1300 4980 bus,
1329 4902 1390 4967 sed
1412 4914 1449 4968 vt
1475 4915 1612 4989 propter
1638 4899 1792 4969 alendam
1820 4900 2033 4967 concordiam
2060 4918 2199 4965 seruen-

188 5001 266 5047 esse
288 4983 424 5061 debeat,
456 4996 489 5050 at
509 4986 599 5072 quod
628 4997 722 5052 certo
748 4985 959 5051 statuendum
981 4988 1044 5066 sit,
1076 4987 1165 5092 quod
1216 4996 1413 5054 turvacres
1428 5008 1552 5069 mores,
1573 4989 1716 5077 quisine
1737 4998 1891 5074 peccato,
1912 4997 1968 5055 aut
1984 4985 2060 5053 siue
2073 5005 2202 5074 magus

188 5070 232 5141 sit
252 5066 385 5147 efficax,
406 5070 496 5156 quod
518 5072 724 5153 aaudiatur,
745 5072 788 5139 de
809 5091 923 5152 cruce,
946 5072 1166 5160 dedignante
1210 5100 1214 5109 ¹

1216 5263 1265 5331 at)
1283 5262 1377 5330 corda]
1394 5263 1445 5314 sd.
1463 5262 1489 5317 3.
1507 5270 1559 5332 typ.
1578 5280 1641 5316 em:
1661 5263 1743 5314 cerda

188 5342 237 5412 tt)
253 5342 385 5411 cbseruetl
404 5342 455 5398 Ed.
472 5343 514 5397 A:
532 5343 655 5397 obacmat
1217 5349 1265 5417 Ab)
1282 5349 1366 5417 Adai]
1382 5349 1433 5401 ttd.
1451 5351 1477 5400 4.
1494 5356 1547 5419 typ.
1566 5366 1629 5403 am:
1646 5348 1718 5401 fidat.
