4756 6194
190 365 253 428 ool
472 422 477 426 .
539 363 578 427 ll.
624 361 857 429 APOLOGIA
877 360 1196 433 CONFESSIONIS
1218 362 1537 432 AUGUSTANAE.
1582 368 1622 434 it.
1667 365 1858 438 ALTERA.
2137 376 2210 442 tion

192 567 227 617 vt
256 553 422 636 possimus
449 550 590 637 diligere
616 551 744 630 Deum,
767 554 905 616 verbum
927 551 1009 629 Dei,
1032 552 1168 616 obedire
1218 563 1331 634 potest
1364 565 1481 618 contra
1514 552 1601 621 hanc
1635 552 1790 634 ἀπόδειξιν
1823 562 1962 642 opponi,
2007 563 2071 625 nisi
2100 575 2206 629 totum

189 637 265 703 Deo
294 641 327 703 in
355 637 609 714 afflictionibus,
638 648 672 701 vt
694 638 862 721 possimus
881 656 958 701 esse
980 639 1075 714 casti,
1098 636 1168 702 dili·
1218 635 1455 724 Euengeliurn,
1488 652 1592 707 totum
1620 638 1790 706 Christum
1824 640 1960 709 abolere
1990 649 2064 731 quis
2099 648 2203 716 volet.

187 746 270 874 gere
292 727 477 808 proximum
501 736 565 789 cic.
599 722 691 786 Haec
713 743 826 807 opera,
849 725 911 788 etsi
929 721 1039 787 adhuc
1056 745 1077 786 a
1095 744 1168 806 per·
1220 721 1337 789 Gloria
1365 722 1489 789 Christi
1522 727 1558 791 fit
1587 723 1767 804 illustrior,
1800 747 1874 792 cum
1905 732 2062 795 docemus
2092 754 2133 796 eo
2156 735 2204 800 vti

199 811 332 874 'actione
353 806 439 895 legis
461 805 579 891 procul
601 808 722 886 absint,
745 820 855 873 tamen
878 806 1014 890 placent
1031 822 1168 892 propter
1218 810 1418 889 mediatore,
1444 831 1487 874 ac
1515 813 1747 896 propiciatore.
1797 812 1877 878 Piae
1905 818 2129 882 conscientiae
2156 821 2203 884 vi·

187 896 296 968 fidem,
318 917 383 980 qua
405 896 481 959 iusti
503 905 705 977 reputamur,
727 896 805 978 quia
827 895 991 960 oredimus
1009 916 1074 959 nos
1091 914 1168 978 pro·
1219 894 1297 957 dent
1320 896 1352 958 in
1375 894 1438 959 bac
1461 898 1613 961 doctrina
1635 898 1833 962 uberrimam
1856 900 2119 967 consolationem
2138 906 2203 968 sibi

187 997 263 1066 pter
284 979 451 1046 Christum
480 980 605 1043 habere
634 977 798 1062 placatum
820 979 939 1045 Deum.
983 981 1075 1046 llaec
1098 977 1167 1064 pla·
1216 981 1378 1063 proponi,
1408 983 1498 1066 quod
1521 981 1677 1048 videlicet
1705 985 1843 1048 credere
1871 1006 1913 1049 ac
1939 1000 2032 1052 certo
2054 1001 2201 1056 statuere

185 1089 229 1132 na
255 1079 332 1131 sunt
358 1079 392 1130 ει
421 1064 515 1130 Euan
543 1062 607 1130 elio
635 1078 872 1140 consentanea,
900 1079 934 1130 et
961 1088 982 1130 a
1004 1068 1097 1130 sanis
1120 1067 1167 1130 in·
1218 1065 1357 1144 debent,
1386 1069 1476 1151 quod
1504 1082 1641 1152 propter
1663 1067 1830 1134 Christum
1858 1069 2006 1138 habeant
2035 1071 2201 1156 placatum

186 1151 289 1237 telligi
320 1166 473 1233 possunt.
554 1162 567 1215 t
594 1171 636 1215 ex
664 1149 729 1213 boc
758 1147 974 1216 fundamento
997 1150 1098 1216 sacile
1120 1153 1166 1216 iu·
1217 1162 1364 1231 patrem,
1395 1172 1464 1217 non
1497 1169 1633 1238 propter
1667 1154 1802 1219 nostras
1837 1157 2004 1237 iusticias,
2049 1172 2081 1223 et
2110 1164 2200 1245 quod

185 1239 287 1302 dicari
309 1248 438 1318 potest,
461 1257 565 1321 quare
586 1235 662 1301 fidei
686 1235 867 1301 tribuamus
889 1236 1167 1316 iustificationem,
1217 1232 1372 1300 Christus
1395 1239 1528 1303 adiuuet
1551 1252 1660 1305 tamen
1684 1252 1718 1305 vt
1740 1238 1853 1305 lacere
1874 1245 1971 1308 etiam
1994 1242 2103 1329 legem
2124 1266 2200 1329 pos·

184 1345 253 1389 non
285 1320 471 1399 dilectioni,
505 1321 568 1385 etsi
596 1320 731 1386 dilectio
760 1319 859 1385 fidem
887 1324 1054 1407 sequitur,
1087 1327 1166 1410 quia
1215 1321 1329 1384 simus.
1373 1322 1466 1387 llaec
1489 1336 1580 1389 taum
1609 1329 1699 1391 bona
1720 1327 1863 1411 eripiunt
1884 1328 2058 1394 Ecclesiae
2081 1331 2199 1395 adirem

184 1408 318 1475 dilectio
349 1422 401 1471 est
432 1405 587 1491 implecio
619 1404 715 1492 legis.
765 1406 810 1470 At
835 1406 957 1473 Paulus
980 1411 1079 1474 docet
1101 1430 1164 1475 nos
1190 1468 1193 1473 ,
1216 1407 1294 1492 sarij
1318 1408 1445 1485 nostri,
1481 1430 1555 1474 cum
1586 1413 1759 1491 damnant,
1786 1433 1860 1477 curn
1896 1411 2006 1480 delere
2035 1429 2198 1480 conantur

182 1517 250 1562 non
273 1516 315 1559 ex
345 1493 437 1578 lege,
461 1493 522 1557 sed
544 1514 585 1557 ex
613 1493 833 1576 promissione
854 1494 1044 1572 iustificari,
1078 1516 1164 1580 quae
1215 1493 1399 1557 doctrinam
1428 1496 1469 1560 de
1495 1494 1628 1561 lusticia
1652 1496 1738 1563 fidei.
1789 1497 1940 1563 Viderint
1960 1502 2060 1586 igitur
2080 1521 2197 1566 ornnes

183 1595 309 1646 tautum
341 1579 407 1643 fide
439 1579 612 1662 accipitur.
660 1578 777 1663 Neque
799 1579 886 1643 enim
907 1581 1099 1645 accedimus
1120 1582 1164 1646 ad
1216 1579 1324 1642 bonae
1345 1591 1491 1658 mentes,
1522 1602 1563 1645 ne
1586 1585 1798 1648 consentiant
1826 1584 1935 1669 impijs
1965 1583 2115 1665 consiliis
2136 1589 2195 1651 ad·

183 1667 304 1745 Deum,
328 1667 400 1729 sine
422 1665 602 1729 mediatore
616 1662 764 1743 Christo,
786 1684 895 1749 neque
913 1667 1096 1749 accipimus
1114 1689 1163 1733 re·
1214 1664 1457 1743 uersariorunr,
1491 1666 1526 1729 ln
1555 1669 1708 1732 doctrina
1727 1671 1995 1736 aduersariorum
2017 1673 2059 1735 de
2079 1657 2196 1736 iustiti·

182 1755 373 1818 missionem
395 1761 607 1832 peccatorum
629 1762 766 1834 propter
784 1762 932 1814 nostram
944 1749 1163 1832 dilectionem,
1215 1751 1364 1827 catione,
1395 1770 1463 1815 non
1492 1752 1529 1816 fit
1562 1756 1684 1818 mentio
1712 1754 1853 1833 Christi,
1886 1759 2053 1843 quomodo
2087 1758 2195 1841 ipsum
2307 1790 2313 1799 ·

181 1840 242 1902 sed
265 1847 402 1921 propter
423 1836 603 1914 Christum,
628 1840 680 1901 Ac
702 1856 744 1900 ne
766 1833 905 1921 diligere
928 1840 1059 1922 quidem
1083 1860 1162 1924 pos·
1211 1834 1393 1900 debeamus
1415 1856 1585 1920 opponere
1607 1842 1677 1903 irae
1700 1838 1783 1917 liei,
1806 1843 1901 1925 quasi
1925 1862 2006 1906 vcro
2028 1862 2092 1906 nos
2120 1863 2195 1926 pos·

181 1944 297 1990 sumus
326 1925 443 1987 iratum
471 1920 599 1998 Deum,
623 1920 665 1985 Et
687 1918 742 1986 lex
771 1942 904 2007 semper
927 1937 1064 1990 accusat
1087 1945 1161 2003 nos,
1213 1922 1315 1983 simus
1338 1921 1420 1985 iram
1443 1920 1507 1985 Dei
1529 1921 1705 1989 dilectione
1726 1927 1871 2001 vincere,
1892 1939 1950 1991 aut
1971 1926 2109 2013 diligere
2127 1927 2196 1993 De·

181 2029 314 2094 semper
336 2008 483 2072 ostendit
507 2008 626 2071 iratum
652 2007 769 2072 Deum.
812 2007 964 2073 Necesse
989 2024 1042 2075 εει
1064 2011 1163 2096 igitur
1214 2026 1268 2069 um
1292 2007 1411 2070 iratum
1431 2009 1612 2091 0050ῑο108·
1657 2010 1711 2073 Ati
1734 2011 1819 2075 hoec
1847 2014 2073 2078 conscientiae
2096 2013 2195 2078 relio-

179 2115 243 2160 uos
278 2095 369 2178 prius
403 2093 469 2157 iide
497 2090 746 2177 apprehendere
770 2095 1037 2176 promissionem,
1072 2099 1162 2181 quod
1214 2102 1359 2174 quuntur
1385 2095 1543 2157 incertae.
1588 2095 1623 2161 Si
1647 2095 1731 2160 enirn
1761 2097 1838 2161 irleo
1859 2099 1985 2163 sentire
2009 2101 2133 2163 debent
2155 2119 2194 2163 se

179 2192 317 2264 propter
339 2177 506 2244 Christum
534 2190 636 2327 peter
664 2180 709 2243 sit
736 2177 906 2263 placatus,
935 2195 968 2245 et
995 2182 1160 2268 ignoscet,
1213 2175 1337 2241 habere
1359 2177 1469 2242 Deum
1495 2176 1680 2260 placatum,
1708 2180 1785 2268 quia
1807 2179 1964 2269 diligunt,
1987 2185 2064 2268 quia
2085 2182 2194 2269 legem

179 2265 304 2331 Postea
332 2265 505 2348 incipimus
548 2284 644 2347 egem
672 2261 797 2330 lacere.
841 2265 965 2331 Procul
989 2267 1161 2333 aratione
1211 2258 1355 2338 faciunt,
1387 2262 1528 2347 Semper
1555 2267 1707 2330 dubitare
1736 2284 1877 2333 necesse
1900 2281 1970 2347 est,
2003 2283 2113 2334 rtrum
2139 2270 2194 2333 ha·

178 2353 334 2428 bantana,
366 2348 485 2434 procul
518 2348 669 2414 chloise
702 2351 872 2435 reijciendi
907 2366 987 2418 sunt
1016 2351 1105 2418 oculi
1127 2354 1160 2419 in
1212 2348 1351 2415 beamus
1374 2346 1482 2412 Deum
1503 2347 1680 2432 placatum,
1702 2353 1780 2437 quio
1801 2352 2008 2419 dilectionem
2032 2352 2119 2419 illam
2137 2365 2194 2419 aut

179 2436 370 2514 Christum,
394 2447 426 2499 et
448 2436 680 2514 senciendum,
705 2439 795 2521 quod
818 2433 974 2503 Christus
996 2441 1040 2504 sit
1061 2440 1160 2503 nobis
1212 2453 1279 2497 non
1302 2434 1458 2513 sentiunt,
1480 2447 1517 2498 vt
1538 2433 1682 2501 fatentur
1702 2439 1898 2510 aduersari,
1923 2451 1981 2502 aut
2003 2452 2095 2504 eene
2117 2459 2193 2505 sen·

178 2524 342 2599 donatus,
383 2531 419 2585 vt
450 2532 587 2605 propter
620 2542 695 2586 eum
728 2523 805 2587 iusti
837 2535 1043 2605 reputemur,
1075 2523 1160 2610 Legi
1212 2520 1296 2584 tiunt
1327 2516 1428 2585 valde
1455 2521 1609 2604 exiguam
1639 2541 1734 2599 esse,
1764 2534 1798 2587 et
1824 2460 1928 2590 multo
1958 2527 2093 2610 saepius
2116 2546 2193 2590 sen·

178 2629 345 2693 nunquam
367 2609 400 2671 in
423 2626 524 2670 carne
545 2605 779 2672 satisfecimus.
824 2607 872 2672 lta
892 2604 992 2694 igitur
1013 2611 1090 2675 iusti
1109 2631 1160 2675 re·
1211 2605 1296 2668 tiunt
1323 2623 1362 2667 se
1388 2605 1489 2669 irasci
1511 2607 1632 2671 iudicio
1655 2605 1737 2684 Dei,
1764 2611 1821 2693 qui
1843 2608 2019 2674 humanam
2040 2622 2193 2675 naturam

178 2707 343 2779 putamur,
377 2713 445 2756 non
478 2704 615 2776 propter
646 2689 772 2780 legem,
806 2693 868 2757 sed
895 2708 1033 2779 propter
1066 2694 1158 2761 Chri-
1211 2689 1323 2755 multis
1354 2689 1556 2755 terribilibus
1583 2689 1678 2756 malis
1708 2695 1879 2778 opprimit,
1907 2699 2073 2761 aerumnis
2094 2696 2193 2760 huius

178 2792 278 2854 stunt,
301 2781 378 2861 quia
400 2778 496 2842 huius
519 2781 635 2842 merita
657 2781 754 2844 nobis
778 2781 953 2858 donantur,
976 2782 1060 2844 siin
1084 2802 1159 2846 eum
1212 2777 1312 2854 vitoe,
1334 2777 1517 2841 terroribus
1540 2789 1695 2843 aeternae
1722 2781 1793 2843 imo
1815 2791 1879 2843 etc·
1929 2779 2070 2852 Quando
2092 2780 2193 2863 igitur

179 2866 357 2929 credimus.
407 2864 542 2948 Siquis
574 2865 672 2948 igitur
697 2866 783 2929 haec
812 2862 1027 2932 fundamenta
1049 2868 1159 2931 consi·
1211 2863 1415 2946 acquiescet,
1439 2864 1572 2945 quondo
1595 2862 1657 2926 erit
1678 2874 1799 2947 pacata
1820 2865 2049 2931 conscientia?
2081 2865 2193 2938 Quon-

178 2950 361 3027 derauerit,
390 2950 480 3034 quod
506 2969 574 3013 non
596 2949 813 3016 iustificantur
835 2971 876 3015 ex
898 2948 992 3038 lege,
1015 2953 1092 3039 quia
1112 2951 1159 3018 le·
1211 2947 1256 3011 do
1285 2944 1401 3032 diliget
1420 2946 1530 3012 Deum
1557 2949 1588 3012 in
1617 2949 1682 3013 hac
1703 2949 1927 3027 dubitatione,
1955 2951 2063 3015 iubis
2087 2963 2193 3015 terro-

178 3058 255 3124 gem
287 3033 353 3099 Dei
383 3035 528 3099 humana
555 3046 676 3101 natura
706 3056 773 3099 non
800 3048 915 3118 potest
940 3038 1070 3117 lacere,
1092 3042 1160 3103 nori
1210 3031 1328 3096 ribos?
1382 3030 1469 3104 Quid
1503 3045 1554 3098 est
1582 3030 1671 3098 allud
1697 3034 1785 3099 hooc
1812 3036 1964 3100 doctrina
1990 3033 2094 3122 logis,
2128 3037 2195 3101 nisi

178 3133 290 3208 potest
320 3118 430 3185 Deum
463 3119 621 3205 diligere,
653 3121 714 3184 sed
747 3120 837 3204 quod
866 3123 1084 3188 iustitieemur
1116 3145 1159 3189 ex
1212 3116 1363 3183 doctrina
1374 3119 1626 3201 desperationis.
1654 3119 1707 3184 Ac
1727 3121 1867 3205 prodeat
1885 3117 2004 3206 aliquis
2023 3122 2195 3187 exaduer-

177 3208 418 3294 promissione,
457 3206 492 3270 in
522 3227 588 3290 qua
620 3217 758 3289 propter
792 3203 959 3272 Christum
993 3210 1159 3292 promisse
1211 3203 1323 3288 sarijs,
1346 3205 1401 3288 qui
1416 3205 1538 3270 doceat
1562 3224 1627 3269 nos
1649 3207 1690 3269 de
1712 3206 1777 3269 hac
1805 3204 1993 3284 dilectione,
2023 3209 2194 3293 quomodo

178 3307 232 3360 est
252 3289 496 3371 reconciliatio,
518 3291 666 3369 iusticia,
688 3304 722 3357 et
743 3292 812 3355 vita
835 3304 982 3372 aeterna,
1004 3294 1037 3358 ls
1059 3292 1159 3360 facile
1210 3287 1532 3375 ipsediligatDeum.
1556 3290 1699 3355 Prorsus
1711 3292 1791 3375 quid
1803 3290 2194 3378 dicantn'onintclligunt,

91 3430 94 3435 ,
177 3377 339 3463 intelliget
359 3377 553 3442 necessario
574 3377 782 3442 tribuendam
799 3397 877 3442 esse
891 3380 1160 3446 iustificationem
1211 3386 1337 3440 tantum
1358 3373 1557 3442 vocobulum
1580 3375 1765 3443 dilectionis
1794 3396 1862 3440 non
1886 3375 2091 3444 intellectum
2117 3380 2193 3443 red·

178 3466 276 3542 fidei,
299 3463 448 3528 simodo
470 3464 629 3547 cogitabit
652 3461 821 3540 Christum
843 3485 911 3528 non
934 3485 1011 3531 esse
1034 3462 1159 3533 frustra
1211 3461 1305 3538 dunt,
1320 3461 1574 3546 sicutpan'etes
1603 3462 1699 3528 Adeo
1717 3458 2194 3527 confusaetobscuraesteo·

177 3550 389 3636 promissum,
399 3548 592 3626 exhibitum,
607 3559 732 3626 natum,
751 3568 900 3632 passum,
911 3554 1158 3631 resuscitatum,
1210 3567 1284 3612 rum
1295 3547 1460 3625 doctrina,
1478 3546 1522 3612 Et
1540 3545 1681 3634 gloriam
1693 3547 1817 3612 Christi
1835 3545 1994 3613 transfert
2005 3548 2037 3612 in
2049 3546 2193 3612 humana

178 3639 214 3704 Si
243 3637 403 3721 cogitabit
431 3636 685 3718 promissionem
715 3635 844 3721 gratiae
871 3637 906 3701 in
928 3635 1062 3704 Christo
1090 3659 1160 3704 non
1211 3652 1326 3716 opera,
1343 3644 1377 3697 et
1395 3634 1615 3699 conscientias
1627 3628 1682 3696 vel
1697 3634 1741 3696 ad
1752 3633 2064 3716 praesumptionem,
2082 3630 2138 3697 vel
2150 3633 2194 3698 ad
2212 3672 2225 3689 -.

177 3723 314 3798 frustra,
336 3731 469 3803 praeter
489 3717 612 3806 legem,
635 3732 668 3783 et
690 3733 785 3784 extra
806 3718 916 3806 legem
937 3721 1160 3803 sactamesse,
1211 3719 1476 3801 desperationem
1509 3717 1650 3783 adducit.
1703 3716 1830 3781 Nostra
1862 3737 1944 3781 vero
1970 3737 2144 3801 speramus
2172 3738 2194 3782 a

178 3809 289 3872 statim
312 3827 332 3869 a
355 3807 515 3889 principio
533 3806 657 3882 mundi,
680 3807 708 3867 si
727 3806 886 3891 cogitabit
904 3810 1161 3889 promissionem
1210 3803 1277 3888 pijs
1294 3803 1474 3867 'mentibus
1495 3799 1593 3867 facile
1620 3798 1777 3887 intelligi,
1811 3812 1845 3866 et
1865 3820 2040 3886 speramus
2073 3803 2193 3867 afferro

179 3895 245 3958 lide
274 3890 502 3972 accipiendam
528 3908 623 3968 esse,
651 3891 739 3954 sicut
758 3890 926 3956 lohannes
948 3893 1065 3977 inquit,
1095 3894 1161 3968 Qui
1211 3884 1458 3974 perterrefactis
1492 3887 1707 3972 conscientijs
1736 3888 1824 3971 piam
1854 3899 1887 3950 ει
1915 3886 2084 3952 salubrem
2112 3909 2192 3953 con·

179 3999 245 4044 nun
276 3977 380 4040 credit
410 3973 503 4052 Deo,
536 3977 728 4041 ruendacem
762 3973 844 4039 iacit
864 3996 960 4055 eum,
994 3979 1161 4061 quianon
1212 3970 1427 4051 solationem,
1454 3972 1537 4036 Nom
1568 3975 1657 4058 quod
1679 3972 1862 4057 aduersae-ij
1892 3970 2091 4038 cauillantur
2110 3971 2194 4038 mul·

180 4064 288 4129 credit
317 4062 352 4125 in
378 4062 616 4138 testimonium,
645 4062 736 4145 quod
764 4058 962 4127 testificatus
986 4074 1039 4127 est
1067 4062 1161 4129 Deus
1213 4073 1267 4125 tos
1294 4058 1432 4142 impios,
1461 4077 1503 4122 ac
1526 4056 1679 4124 diabolos
1702 4059 1801 4124 etiam
1823 4060 1973 4137 credere,
1999 4058 2107 4142 Saepe
2128 4060 2194 4123 iam

181 4152 223 4215 de
246 4145 315 4212 filio
343 4167 423 4224 suo,
452 4145 492 4212 Et
513 4144 580 4211 hoc
602 4147 915 4225 esttcstimonium,
948 4149 1037 4232 quod
1060 4149 1162 4213 vitam
1214 4143 1357 4209 diximus
1386 4163 1449 4208 nos
1472 4146 1514 4208 do
1535 4143 1601 4210 lide
1621 4146 1655 4209 in
1676 4143 1857 4223 Christum,
1878 4143 1944 4209 hoc
1966 4156 2036 4222 est,
2064 4144 2196 4208 deiide

180 4248 349 4301 aeternam
382 4232 473 4297 dedit
504 4229 601 4296 nobis
623 4232 735 4310 Deus,
764 4243 799 4297 et
826 4233 913 4299 haec
939 4236 1008 4300 vita
1036 4235 1071 4299 in
1093 4232 1162 4298 lilio
1214 4229 1397 4294 remissio'
1447 4243 1678 4313 peccatorum,
1707 4228 1843 4294 deiide
1871 4249 1958 4314 quae
1987 4249 2066 4292 vere
2096 4242 2194 4294 etex

181 4324 339 4387 eius-est.
383 4317 446 4391 Qui
474 4316 576 4382 babet
599 4317 719 4398 tilium,
747 4317 848 4383 habet
870 4319 988 4397 vitam,
1040 4319 1073 4384 ui
1095 4339 1162 4384 non
1215 4314 1317 4380 corde
1348 4335 1369 4378 a
1409 4317 1530 4381 entitur
1555 4316 1766 4399 promissioni
1796 4317 1924 4400 gratiae
1953 4312 2056 4398 loqui.
2099 4314 2194 4379 llaec

181 4406 282 4472 babet
312 4404 414 4468 tilium
439 4403 523 4482 Dei,
556 4405 657 4470 vitam
688 4425 755 4470 non
787 4403 900 4469 habet.
944 4405 987 4469 Et
1060 4406 1163 4469 ristus
1214 4420 1283 4466 non
1314 4398 1367 4478 lit,
1400 4401 1473 4466 sine
1500 4421 1553 4465 ma
1580 4421 1623 4464 no
1651 4418 1763 4486 agone
1786 4402 1822 4463 in
1850 4399 2007 4465 cordibus
2029 4397 2196 4476 humanis,

181 4495 237 4570 ait,
260 4493 296 4559 Si
318 4511 381 4555 vos
409 4488 499 4556 iilius
519 4485 735 4569 liberarent,
751 4510 830 4555 vere
857 4487 953 4555 liberi
975 4491 1077 4554 eritis.
1121 4488 1164 4554 Et
1214 4485 1258 4551 Et
1284 4484 1436 4551 homines
1462 4488 1535 4551 sani
1556 4423 1662 4551 lacile
1695 4487 1841 4551 iudicare
1868 4495 2011 4568 possunt
2042 4483 2135 4551 illam
2158 4487 2196 4547 ii·

182 4576 321 4654 Paulus,
343 4575 407 4640 Per
426 4574 515 4641 hunc
536 4576 704 4645 habemus.
721 4596 897 4641 accessum
920 4576 962 4640 ad
982 4573 1109 4653 Deum,
1131 4585 1165 4640 et
1216 4575 1302 4651 dem,
1326 4592 1411 4656 quae
1433 4574 1538 4640 credit
1556 4591 1621 4637 nos
1641 4592 1661 4637 a
1681 4569 1757 4637 Deo
1780 4570 1911 4657 respici,
1933 4571 2031 4635 nubis
2051 4570 2196 4656 ignosci,

183 4664 286 4740 addit,
308 4683 368 4746 per
389 4660 502 4736 fidem,
524 4660 605 4726 Fide
626 4663 725 4747 igitur
746 4663 780 4726 in
802 4660 983 4738 Christum,
1004 4661 1165 4746 accipitur
1216 4678 1279 4724 nos
1301 4658 1467 4737 exaudiri,
1500 4678 1569 4722 rem
1593 4678 1672 4722 esse
1700 4677 1806 4741 supra
1827 4667 1999 4732 naturam,
2030 4655 2115 4719 Nam
2136 4656 2198 4720 bu·

182 4749 360 4831 promissio
384 4748 590 4814 remissionis
612 4760 839 4833 peccatorum,
862 4758 896 4811 et
912 4745 1073 4826 iusticiee,
1094 4746 1166 4811 Nec
1216 4762 1334 4809 manus
1359 4744 1490 4810 animus
1517 4762 1578 4828 per
1599 4762 1678 4808 sese
1703 4740 1786 4809 nihil
1812 4738 1880 4807 tale
1907 4742 1949 4804 de
1971 4740 2047 4804 Deo
2068 4741 2196 4805 statuit.
2296 4786 2299 4793 ι

185 4834 402 4901 iustificamur
425 4853 538 4899 coram
560 4832 636 4899 Deo
660 4854 703 4899 ex
725 4834 853 4898 ratione
874 4844 932 4898 aut
952 4828 1039 4918 lege.
1072 4831 1165 4896 llaec
1216 4828 1331 4913 ltaque
1361 4848 1469 4914 neque
1495 4830 1528 4893 in
1551 4828 1663 4914 lmpijs
1691 4848 1800 4914 neque
1828 4828 1862 4892 in
1889 4823 2030 4892 diabolis
2052 4824 2137 4890 haec
2159 4825 2198 4888 ii·

185 4934 253 4986 tam
287 4919 481 5002 perspicua,
515 4931 582 4985 tani
610 4918 786 4985 manifesta
819 4929 916 4996 sunt,
946 4930 982 4983 rt
1011 4919 1166 4983 miremur
1217 4915 1279 4978 des
1306 4924 1375 4992 est,
1409 4916 1452 4979 de
1485 4934 1550 5001 qua
1576 4914 1751 5001 loquimur.
1796 4913 1978 4979 Praeterea
2004 4913 2109 4996 siquis
2134 4912 2198 4977 So·

185 5018 312 5072 tantum
333 5026 411 5070 esse
432 5002 578 5070 furorem
600 5005 868 5070 aduersariorum
890 5014 925 5068 rt
942 5001 1027 5068 hacc
1044 5012 1168 5068 vocent
1217 4998 1328 5086 phista
1351 4998 1531 5081 cauillatur,
1549 4999 1715 5065 iusticiam
1732 5000 1766 5065 iu
1783 4997 1956 5065 voluntate
1973 5017 2063 5075 esse,
2092 5015 2197 5081 quare

185 5093 219 5158 in
242 5093 384 5157 dubium.
428 5088 608 5156 lilanilesta
630 5090 870 5171 ἀπόδειξις-εει,
892 5110 967 5154 cum
990 5109 1058 5153 non
1075 5089 1167 5153 iusti·
1217 5105 1286 5150 non
1307 5088 1417 5170 possit
1440 5087 1536 5151 tribui
1559 5086 1654 5164 fidei,
1699 5105 1763 5149 uae
1782 5086 1817 5151 ln
1838 5081 2009 5151 intellectu
2030 5094 2093 5160 est,
2115 5078 2197 5146 laci·

187 5176 326 5244 iicemur
353 5197 468 5242 coram
488 5176 563 5242 Deo
592 5199 635 5244 ex
663 5177 756 5262 lege,
785 5177 846 5240 sed
869 5195 912 5239 ex
932 5174 1167 5257 promissione,
1217 5168 1261 5238 lis
1283 5183 1337 5237 est
1358 5174 1552 5257 responsio,
1578 5173 1656 5258 quia
1676 5105 1739 5235 leti
1760 5171 1795 5235 in
1815 5168 1945 5236 scholis
1967 5168 2067 5235 etiarn
2090 5165 2196 5231 laten·

188 5265 278 5349 qnod
296 5282 437 5331 necesse
454 5263 500 5328 sit
515 5263 593 5329 fidei
610 5264 757 5331 tribuere
772 5261 1050 5329 iustiiicationem.
1079 5258 1167 5334 Quid
1219 5270 1272 5324 tur
1293 5254 1497 5326 vamtatem
1518 5258 1684 5345 imperare
1703 5254 1905 5336 maneatur,
1933 5266 1969 5321 vt
1989 5252 2199 5320 assenciatur
