4756 6194
60 472 66 483 Ι
169 386 237 455 est
626 381 743 451 PlllL.
763 380 869 449 idel.
890 379 1079 449 settim
1099 377 1371 449 boemica
1391 379 1450 448 ET
1470 378 1745 450 SYblBOLlCA.
2141 376 2209 445 488

171 575 312 641 horreat
334 593 353 637 a
375 573 498 638 indicio
517 571 658 637 rationis
679 590 721 637 ac
749 568 849 657 legis,
869 569 941 635 Nec
963 571 1156 657 ignoramus
1208 578 1318 648 natur,
1345 570 1478 655 quando
1505 567 1591 635 firmi
1619 566 1765 635 tolerant
1785 565 1954 646 infirmos,
1975 565 2122 653 quando
2146 585 2204 651 po·

172 656 278 726 multo
310 677 328 721 ε
373 660 552 724 ciosiorcm
580 676 659 721 esse
686 658 870 722 doctrinam
898 655 985 742 legis
1012 656 1055 720 de
1077 650 1157 719 dile·
1208 651 1308 740 prius
1335 655 1414 720 boni
1444 653 1588 721 consulit
1610 656 1772 741 quaedam
1798 654 2008 719 incommoda
2040 653 2078 717 in
2099 652 2204 717 mori·

171 746 294 812 ctione.
361 758 393 807 st
414 744 500 809 enim
518 744 693 826 sapientia,
711 744 770 806 sed
789 762 856 807 non
873 743 976 826 pudet
993 760 1056 805 nos
1074 738 1158 806 stul·
1210 742 1274 806 bus
1304 740 1495 821 (lectonam,
1529 742 1661 827 quando
1689 738 1861 833 Eiscopi-
1874 740 2043 825 quaedam
2073 738 2202 804 eundo·

172 832 272 896 ticiae
295 826 488 915 Euangeiij‚
517 827 554 893 ld
570 841 712 976 propter
733 824 874 914 gloriam
897 825 1022 892 Christi
1044 823 1157 891 defen·
1209 836 1291 892 nant
1310 823 1527 891 imbecillitati
1547 823 1673 912 populi.
1751 823 1845 890 ehis
1867 825 2060 909 praeceptis
2077 825 2201 974 εεζι·

172 918 283 981 dimus
304 926 339 980 et
358 933 517 1001 rogamus
541 912 569 978 C
594 914 729 990 ristum,
757 924 792 978 vt
813 914 932 998 spiritu
954 923 1072 978 sancto
1094 930 1157 976 suo
1210 912 1289 976 tatis
1309 909 1399 996 pleni
1421 923 1500 977 sunt
1520 908 1596 978 libri
1624 912 1767 977 omnium
1788 911 1992 995 sapientum,
2012 921 2055 974 vt
2076 929 2113 974 ιιι
2182 929 2200 975 c

174 1002 310 1068 adiuuet
341 1020 423 1077 nos,
450 1012 485 1064 vt
513 999 546 1063 id
574 996 745 1064 illustrare
767 1019 808 1064 ac
835 997 1027 1083 patefacere
1049 995 1158 1083 possi·
1208 997 1299 1062 vitae
1331 996 1573 1064 consuetudine
1609 994 1714 1064 multa
1744 998 1970 1093 condonemus
2001 996 2096 1061 inter
2123 1015 2200 1076 nos,

172 1091 328 1163 mus-⁴³)
1109 1154 1113 1163 ,
1233 1096 1346 1167 ropter
1368 1101 1575 1149 communem
1597 1080 1879 1169 tranquillitatem.
1923 1080 1968 1147 Et
1989 1083 2034 1146 de
2057 1100 2102 1147 ea
2123 1101 2198 1147 cum

261 1170 458 1256 Aduersarij
480 1170 515 1233 in
537 1165 772 1236 confutacione
794 1180 827 1234 et
843 1168 933 1234 hunc
949 1165 1061 1232 locum
1079 1186 1159 1231 con·
1209 1102 1266 1233 lic
1292 1177 1361 1233 tum
1392 1165 1476 1233 alias
1499 1188 1602 1253 saepe
1630 1169 1800 1255 praecepit
1822 1165 1956 1234 Paulus·
2004 1166 2127 1240 Quare
2146 1168 2198 1232 od

169 1269 228 1323 tra
249 1276 312 1321 nos
336 1258 542 1359 cimuerunt,
560 1274 613 1358 ‘ex
636 1251 769 1358 Coloss.
816 1252 948 1320 Caritas
971 1265 1025 1318 est
1045 1254 1158 1401 piincp·
1209 1252 1351 1358 uersarij
1366 1254 1607 1403 ¹imprudentpr
1635 1256 1875 1359 ratiocinantur
1901 1272 1945 1319 ex
1964 1253 2106 1404 utpprriple
2126 1272 2197 1403 ppp-

172 1339 1158 1512 iihiifhii’pihtt¹¹ttttt¹.¹‘utttttdt‘tt
1208 1337 1399 1512 ittittc
1415 1340 1567 1490 ‘tihi'
1582 1340 2135 1510 flebilitatem&
2156 1359 2197 1489 ri

174 1512 285 1581 multis
312 1513 420 1577 modis
443 1512 486 1576 de
507 1508 713 1595 perfectione
736 1511 932 1595 responderi
953 1521 1088 1596 posset,
1110 1521 1158 1575 ta-
1210 1511 1262 1575 sic
1294 1511 1532 1595 interpretatur
1562 1448 1659 1578 lianc
1690 1508 1802 1577 locum
1834 1510 2058 1581 Ambrosius,
2106 1509 2197 1577 Sicut

172 1620 252 1750 ιιοιθειιι
272 1618 334 1663 nos
363 1594 558 1748 sitmpiicpter
580 1596 785 1746 spnteppiarp
806 1595 901 1661 Pauli
925 1597 1157 1745 pepitpbliptus.
1208 1594 1785 1764 p,edi{cipiuprtprgisciturtepeplp'teoturpe
1801 1616 1880 1748 ιιιιῖἑιιι
1895 1597 2091 1747 mffiss’
2110 1615 2197 1747 scipp

222 1707 307 1750 rum
347 1703 384 1747 es
448 1703 560 1747 auum
615 1704 634 1746 e
698 1702 851 1747 iecione
908 1703 1024 1746 rxmu
1112 1704 1157 1747 ιιι.
1232 1702 1287 1746 mu
1505 1703 1526 1748 a
1671 1703 1710 1747 er
1904 1704 1936 1747 m
2117 1704 2152 1759 Ιιι

173 1771 292 1855 Neque
325 1789 406 1833 vero
440 1768 691 1833 existimandum
730 1779 781 1831 est
818 1704 909 1854 qucll
942 1766 1066 1832 Paulus
1090 1703 1157 1832 (faut
1208 1764 1319 1850 'turpe
1347 1776 1401 1831 est
1428 1702 1548 1833 autenl)
1567 1769 1770 1851 aduersarijs
1792 1705 1966 1853 ιεηιοῗιειε
1997 1768 2198 1852 praedicare

172 1854 459 1932 iustificationem,
492 1865 549 1919 aut
576 1850 815 1938 perfectionem
838 1873 952 1917 coram
974 1852 1068 1933 Deo,
1101 1854 1157 1916 tri·
1209 1849 1438 1932 dilectionem,
1468 1871 1544 1918 cum
1575 1874 1739 1940 nusquam
1790 1864 1938 1920 raestent
1966 1873 2052 1918 eam.
2111 1852 2198 1926 Quid

173 1941 283 2006 buerit
304 1940 462 2021 operibus
485 1942 653 2005 secundae
676 1936 810 2003 tabulae
827 1939 949 2025 potius,
972 1960 1072 2023 quam
1093 1939 1157 2022 pri·
1208 1956 1298 2002 nuuc
1330 1938 1457 2022 agunt?
1497 1938 1661 2025 dissipant
1690 1876 1881 2019 Ecclesiae,
1912 1939 2070 2005 scribunt
2103 1935 2197 2025 leges

172 2045 258 2092 niae.
301 2024 343 2089 Et
364 2026 394 2088 si
419 2023 552 2089 dilectio
581 2022 685 2089 eflicit
712 2020 895 2107 perfectos,
909 2026 961 2099 ⁴⁴)
992 2022 1074 2088 nibil
1097 2024 1157 2109 igi·
1208 2023 1387 2106 sanguine,
1420 2035 1454 2088 et
1475 2024 1538 2089 hes
1558 2036 1750 2111 proponunt
1771 2023 1909 2091 Caesari
1932 2023 2196 2091 clementissimo

75 2118 81 2125 “
172 2124 228 2177 tur
249 2130 334 2197 opos
345 2111 406 2174 erit
420 2113 475 2187 ⁴⁵)
497 2110 720 2195 propiciatore
732 2107 880 2187 Christo,
906 2112 959 2186 ⁴⁶)
968 2109 1053 2174 Nam
1071 2109 1156 2174 fides
1207 2108 1365 2193 principi,
1396 2107 1675 2197 promulgandas,
1703 2110 1886 2177 Trucidant
1907 2112 2132 2190 sacerdotes,
2163 2122 2196 2175 et

52 2204 55 2211 “
171 2207 298 2263 tantum
325 2196 544 2280 apprehendit
573 2195 826 2280 propiciatorem
853 2194 1032 2260 Christum.
1081 2194 1157 2259 llnc
1208 2189 1296 2258 alios
1318 2196 1427 2260 bonos
1449 2196 1555 2275 viros,
1577 2198 1682 2283 siquis
1705 2194 1824 2263 leuiter
1846 2195 2051 2282 significauit
2074 2215 2118 2261 εε
2141 2194 2197 2263 ali·

172 2292 284 2349 autem
305 2280 501 2367 longissime
523 2283 620 2347 abest
641 2301 662 2344 a
684 2281 856 2345 sentencia
873 2278 980 2358 Pauli,
999 2280 1056 2367 qui
1072 2300 1156 2345 nun·
1207 2298 1306 2428 pluero
1349 2278 1560 2346 manifestum
1595 2286 1736 2349 abusum
1768 2303 1837 2348 non
1870 2284 2005 2347 omnino
2036 2285 2196 2367 probare.

173 2388 272 2454 quam
294 2369 417 2451 patitur
436 2363 567 2431 excludi
589 2367 843 2452 propiciatorem
866 2363 1047 2430 Christum.
1087 2365 1155 2430 Lo·
1239 2383 1300 2430 aec
1326 2384 1395 2431 non
1421 2368 1623 2434 conueniunt
1654 2369 1697 2433 ad
1725 2369 1791 2433 ista
1812 2369 1970 2452 preconia
1993 2366 2199 2449 dilectionis,

173 2454 284 2538 quitur
307 2452 408 2536 igitur
435 2472 503 2515 non
532 2452 575 2516 de
620 2450 766 2517 ersonali
788 2448 1009 2536 perfectione,
1030 2453 1091 2516 sed
1114 2453 1155 2516 de
1207 2469 1294 2534 quae
1311 2450 1341 2515 si
1357 2463 1577 2537 sequerentur
1587 2454 1785 2540 aduersarij,
1802 2450 1979 2519 Ecclesiae
1990 2452 2197 2539 tranquillae

171 2537 364 2617 integritate
391 2538 555 2601 communi
596 2534 769 2601 *eclesiae
784 2542 837 2611 ⁴⁶)
886 2535 966 2601 lden
994 2538 1081 2601 enim
1110 2539 1156 2603 ait
1208 2547 1340 2613 essent,
1373 2548 1407 2601 et
1439 2558 1495 2603 res
1523 2536 1658 2621 publica
1684 2551 1818 2623 pacata.
1868 2538 1953 2604 Nam
1974 2540 2011 2605 hi
2032 2538 2197 2606 tumultus

173 2622 384 2688 dilectionem
416 2641 494 2686 esse
520 2619 704 2699 vinculum,
731 2640 791 2686 seu
825 2619 1090 2707 colligationem,
1118 2633 1156 2688 vt
1207 2618 1490 2701 consuescerent,
1519 2624 1548 2687 si
1570 2625 1757 2710 aduersarij
1781 2645 1847 2690 nco
1869 2626 1967 2689 nimis
1987 2628 2119 2692 acerbe
2141 2646 2197 2691 ex·

172 2706 339 2793 significet
377 2725 416 2770 se
447 2705 539 2792 loqui
578 2707 620 2771 de
654 2703 852 2793 colligandis
885 2721 919 2772 et
958 2706 1155 2791 copulandis
1206 2708 1337 2793 igerent
1367 2709 1528 2793 quasdam
1560 2711 1756 2774 traditiones
1791 2708 1925 2776 inutiles
1957 2712 1999 2777 ad
2024 2712 2197 2794 pietatem,

194 2791 323 2859 iuribus
351 2793 511 2858 membris
538 2789 716 2858 Ecclesiae
742 2793 829 2859 inter
856 2812 906 2857 se.
950 2793 1046 2859 Sicut
1068 2793 1155 2859 enim
1207 2811 1347 2878 quarum
1379 2788 1559 2879 plerasque
1591 2814 1634 2859 ne
1648 2798 1702 2869 48)
1735 2797 1800 2879 ipsi
1833 2796 1965 2882 quidem
1996 2799 2196 2875 obseruant,

169 2900 204 2945 m
224 2879 377 2944 omnibus
397 2875 543 2963 famiiijs,
567 2879 600 2942 in
622 2879 776 2944 omnibus
793 2880 895 2945 rebus
912 2875 1054 2963 publicis
1076 2898 1154 2943 con·
1206 2878 1263 2965 qui
1295 2876 1585 2947 vehementissime
1617 2877 1799 2947 defendunt
1831 2901 1902 2946 eas.
1953 2883 2025 2949 Sed
2052 2884 2123 2947 sibi
2151 2879 2195 2947 sa·

171 2966 287 3031 cordia
308 2964 431 3029 mutuis
454 2961 578 3049 officijs
601 2962 723 3030 alenda
744 2974 808 3043 est,
830 2985 895 3030 nec
912 2966 1048 3029 retineri
1064 2975 1154 3029 tran·
1208 2960 1270 3028 eila
1292 2964 1484 3050 ignoscunt,
1504 2964 1583 3048 alijs
1604 2987 1672 3033 non
1693 2968 1785 3046 item,
1808 2978 1845 3032 vt
1866 2964 1924 3033 ille
1940 2969 2030 3053 apud
2042 2966 2195 3033 Poetam.

170 3047 319 3136 quillitas
338 3059 467 3133 potest,
484 3049 550 3114 nisi
571 3052 734 3135 quaedam
755 3060 868 3117 errata
888 3050 975 3115 inter
996 3070 1035 3115 se
1056 3051 1155 3116 dissi·
1206 3048 1347 3135 Egomet
1378 3050 1423 3115 mi
1454 3050 1598 3138 ignosco
1626 3051 1757 3118 Meuius
1785 3054 1899 3138 inquit.
1914 3056 1968 3131 ⁴⁹)
2011 3052 2052 3118 ld
2082 3066 2195 3119 autem

169 3133 298 3202 mulent
316 3133 470 3199 homines
490 3145 524 3199 et
546 3134 747 3201 condonent.
789 3135 841 3203 lta
860 3137 953 3202 iubet
974 3133 1099 3202 Paulus
1119 3137 1154 3201 in
1205 3133 1446 3201 alienissimum
1478 3148 1531 3202 est
1551 3139 1594 3204 ab
1615 3137 1670 3203 his
1693 3139 1854 3222 encomijs
1877 3136 2088 3219 dilectionis,
2108 3160 2197 3226 quae

170 3216 327 3286 Ecclesia
353 3217 563 3285 dilectionem
591 3220 752 3299 existere,
791 3242 878 3306 quae
904 3221 1045 3286 retineat
1075 3240 1154 3286 con·
1205 3221 1261 3286 hic
1283 3242 1327 3285 ex
1343 3219 1450 3286 Paulo
1473 3224 1629 3303 recitant,
1649 3244 1713 3290 nec
1734 3227 1842 3311 magis
1865 3222 2065 3311 intelligunt,
2093 3246 2194 3312 quam

171 3304 336 3375 cordiam,
365 3324 450 3390 qnae
479 3302 617 3381 toleret,
638 3305 746 3370 sicubi
769 3326 854 3391 opus
874 3317 939 3386 est,
961 3307 1153 3390 asperiores
1205 3307 1350 3393 parietes
1371 3304 1561 3395 intelligunt
1582 3329 1715 3390 vocem,
1737 3332 1837 3397 quam
1857 3312 2011 3377 reddunt.

170 3410 284 3458 mores
305 3388 462 3468 fratrum,
489 3408 576 3476 quae
598 3387 784 3456 dissimulet
811 3394 972 3475 quaedam
993 3387 1083 3457 leuia
1105 3412 1153 3456 er·
1291 3390 1344 3456 Ex
1366 3393 1466 3458 Petro
1489 3395 1591 3459 citant
1612 3407 1645 3460 et
1668 3394 1757 3461 banc
1778 3397 1992 3462 sentenciam.
2023 3395 2193 3463 Vniuersa

170 3486 263 3555 rata,
287 3496 330 3541 ne
357 3472 498 3541 dissiliat
520 3472 675 3541 Ecclesia
701 3476 736 3540 in
764 3478 857 3541 varia
879 3477 1090 3555 Schismata,
1121 3488 1154 3543 et
1205 3475 1331 3543 delicta
1352 3479 1460 3562 operit
1482 3481 1616 3545 caritas.
1660 3480 1802 3546 Constat
1823 3494 1857 3547 et
1878 3479 2012 3548 Petrum
2033 3480 2132 3568 loqui
2153 3483 2193 3549 de

171 3583 214 3629 ex
235 3561 435 3628 Schismatis
457 3562 605 3628 oriantur
626 3560 722 3640 odia,
739 3556 903 3627 factiones
928 3574 963 3628 et
980 3560 1151 3629 haereses.
1204 3561 1384 3629 dilectione
1405 3584 1488 3650 erga
1505 3567 1702 3650 proximum,
1723 3570 1801 3654 quia
1821 3567 1912 3634 hunc
1928 3567 2043 3633 locum
2059 3589 2194 3636 accom-

170 3649 320 3715 Necesse
343 3659 397 3713 est
418 3650 504 3712 enim
526 3644 669 3712 dissilire
693 3646 917 3727 concordiam,
941 3649 1074 3735 quando
1096 3658 1153 3714 aut
1204 3649 1319 3715 modat
1341 3649 1384 3712 ad
1405 3663 1631 3736 praeceptum,
1653 3673 1719 3738 quc
1741 3655 1833 3720 iubet
1852 3665 1889 3719 vt
1906 3652 2048 3740 diligant
2065 3674 2106 3719 se
2123 3676 2192 3720 mu·

170 3733 328 3819 Episcopi
354 3734 527 3818 imponunt
554 3730 677 3819 populo
701 3734 836 3799 dudora
858 3753 983 3814 onera,
1010 3754 1074 3801 nec
1095 3732 1152 3799 ba·
1204 3747 1274 3801 tuo.
1319 3734 1437 3820 Neque
1466 3757 1547 3801 vero
1582 3734 1637 3803 vlli
1659 3736 1827 3824 Apostolc
1849 3742 1882 3804 in
1911 3750 2055 3806 mentem
2077 3742 2193 3806 venire

171 3822 250 3885 bent
271 3819 433 3884 rationem
453 3816 687 3885 imbecillitatis
705 3821 739 3884 in
762 3815 895 3904 populo.
939 3818 982 3885 Et
1003 3821 1153 3886 eduntur
1204 3820 1325 3907 potuit,
1363 3821 1453 3906 quod
1486 3821 1619 3889 dilectio
1653 3836 1771 3890 nostra
1804 3827 1915 3892 vincat
1948 3837 2127 3910 peccatum
2161 3836 2192 3891 et

171 3904 328 3985 dissidia,
378 3904 488 3969 nando
515 3902 659 3991 populus
686 3906 784 3971 nimis
814 3906 937 3970 acerbe
963 3907 1088 3972 iudicat
1110 3907 1152 3971 de
1203 3919 1362 3985 mortem,
1384 3908 1473 3991 quod
1496 3908 1631 3976 dilectio
1653 3913 1697 3976 sit
1717 3911 1911 3997 propiciatio
1959 3921 2074 3995 ropter
2091 3932 2193 3998 quam

171 3991 321 4056 moribus
354 3924 549 4069 locrorum,
586 4000 644 4055 aut
674 3989 802 4057 fastidit
834 3991 993 4057 doctores
1015 4002 1152 4077 propter
1204 3991 1299 4058 Deus
1320 3991 1557 4060 reconcilietur
1578 3998 1704 4061 omisso
1726 3997 1909 4063 mediatore
1927 3933 2074 4077 Ebristo,
2125 3999 2191 4063 uod

172 4075 337 4161 quaedam
354 4072 443 4141 leuia
459 4075 684 4154 incommoda,
706 4089 908 4162 quaeruntur
930 4078 1016 4143 enim
1034 4079 1154 4143 deinde
1204 4076 1338 4145 dilectio
1371 4079 1414 4143 sit
1434 4080 1583 4161 iusticia,
1608 4083 1681 4147 sine
1702 4084 1885 4149 mediatore
1906 4080 2054 4149 Christo.
2130 4104 2193 4150 aec

172 4159 308 4227 etaliud
327 4160 562 4240 doctrinae⁴⁷)
582 4181 703 4248 genus,
726 4175 760 4226 et
781 4161 838 4227 ali·
853 4162 1021 4241 doctores,
1044 4162 1153 4232 Econ·
1204 4167 1291 4230 enim
1314 4162 1459 4237 dilectio,
1481 4167 1510 4230 si
1532 4188 1599 4253 qua
1619 4179 1723 4249 esset,
1745 4178 1837 4235 esset
1856 4168 1988 4234 iusticia
1998 4167 2099 4253 legis,
2121 4189 2192 4235 non

171 4257 225 4313 tra
252 4244 433 4333 perfectio,
461 4246 495 4312 id
523 4258 591 4327 est,
617 4247 792 4335 integritas
818 4184 994 4316 Ecclesiae
1021 4269 1153 4316 conser·
1206 4249 1400 4336 Euangelii,
1441 4252 1530 4336 quod
1559 4253 1717 4339 promittit
1744 4256 1842 4320 nobis
1870 4250 2191 4336 reconciliationem,

1206 4346 1241 4400 et
1261 4336 1441 4416 iusticiam,
1470 4338 1500 4402 si
1522 4340 1715 4418 credamus,
1750 4341 1997 4426 quodpropter
2018 4338 2192 4408 Christum

755 4506 756 4510 Ἰ
1204 4423 1479 4506 propiciatorem,
1511 4436 1607 4509 pater
1635 4425 1789 4511 placatus
1817 4427 1876 4505 sit,
1904 4427 1996 4512 quod
2022 4427 2192 4492 donentur

172 4556 222 4622 44)
240 4553 276 4605 m
297 4556 320 4604 si
342 4556 447 4608 dilectio
470 4530 549 4607 eflicit
570 4555 726 4623 perfectos,]
751 4556 835 4609 Editt.
854 4559 945 4608 2-4.:
968 4557 1109 4609 Praeterea
1132 4560 1154 4609 si
1204 4509 1303 4573 nobis
1324 4508 1439 4574 merim
1451 4507 1586 4576 (Μή
1618 4509 1697 4617 Ιᾳθο
1719 4513 1840 4579 Petrus
1861 4510 1962 4615 pullo
1983 4524 2063 4577 ante
2083 4514 2191 4592 iubet'

243 4623 347 4674 dilectio
366 4632 406 4674 est
422 4626 538 4692 perfecta
555 4627 621 4690 legis
639 4625 756 4691 impletio
775 4633 801 4675 et
817 4626 871 4691 legi
889 4626 1025 4690 satisfacit,
1204 4604 1241 4657 Vt
1268 4596 1466 4661 mmmm
1499 4595 1760 4700 ⁸d00hn⁸lpmt
1793 4611 1830 4663 Vl
1851 4596 2065 4663 aedificemur
2085 4616 2194 4684 ‘ulier

173 4709 222 4774 et)
240 4722 304 4774 ψ,
322 4710 384 4775 „pp
400 4710 482 4761 Eg„
501 4714 594 4763 Μ,
614 4712 663 4761 eg,
680 4726 745 4776 ομ,
1055 4684 1079 4719 ·
1157 4711 1160 4715 ·
1205 4676 1393 4761 Christum,
1424 4680 1466 4747 Et
1487 4682 1587 4748 addit.
1632 4681 1696 4757 Qm
1723 4684 1901 4750 crediderit
1926 4684 1961 4748 in
1993 4702 2087 4764 eum,
2120 4704 2191 4750 non

172 4794 222 4858 48)
239 4792 308 4845 Nam
331 4794 397 4845 fides
420 4803 520 4847 ιειιιιιιιι
541 4797 717 4863 apprehendit
739 4823 771 4835 -
796 4798 829 4847 de
852 4799 1001 4861 integritate
1024 4798 1154 4848 communi
1205 4763 1436 4834 fflffiffldeluf·
1492 4765 1636 4834 Dllfflllll
1669 4782 1798 4851 '²⁰⁸⁰'ss
1829 4790 1898 4836 Μ
1925 4766 2045 4836 libem
2074 4790 2141 4836 ¹¹⁰⁸
2169 4791 2191 4836 a

243 4862 400 4928 Ecclesiae]
416 4865 500 4917 Editt.
519 4867 612 4919 2-4.:
629 4866 725 4919 Paulus
742 4873 829 4917 autem
851 4867 913 4917 ideo
939 4868 1016 4918 docet
1038 4881 1087 4917 nos
1111 4881 1151 4917 ac·

244 4939 335 4996 ceptor
352 4946 410 4982 esre
432 4942 538 5000 propter
559 4934 705 4998 Christum,
728 4950 783 4997 uon
806 4944 912 5001 propter
936 4935 1003 4998 legis
1025 4935 1155 5002 impletio·

245 5013 322 5063 nem,
352 5001 414 5065 quia
440 5002 506 5067 legis
528 5006 646 5069 impletio
669 5019 724 5057 nou
748 5013 789 5056 ert
814 5005 939 5069 perfecta.
974 5003 1068 5070 Itaque
1096 5021 1154 5055 cum

166 5092 171 5097 ·
241 5068 380 5119 manifeste
405 5070 468 5122 alibi
494 5070 615 5122 detrahat
639 5074 716 5123 nobis
740 5074 939 5137 perfectionem,
960 5086 1014 5121 nou
1037 5081 1077 5123 eat
1093 5088 1154 5123 san·
1204 5073 1252 5137 ts)
1271 5071 1316 5143 ne]
1332 5074 1384 5127 Ed.
1403 5078 1439 5128 h:
1464 5091 1514 5129 nec

244 5137 366 5188 eludam
389 5139 462 5203 quoa
483 5138 528 5188 m
548 5140 671 5205 locatur
701 5141 733 5221 de
756 5143 885 5206 ceraunii
911 5140 1073 5221 duobug
1095 5157 1153 5207 par·
1204 5159 1252 5227 re)
1271 5160 1386 5225 egomet
1402 5166 1438 5214 mr
1455 5164 1563 5228 ignosco
1580 5162 1683 5216 uma·
1701 5164 1806 5232 inquis]
1829 5163 1890 5216 eaeo
1906 5172 1962 5215 mu
1978 5162 2056 5215 veta
2077 5164 2189 5217 aarum

243 5204 370 5268 mma
385 5207 435 5258 ⁸⁸⁴¹
451 5208 569 5273 hiim
585 5208 619 5259 ‘¹⁰
636 5209 788 5274 imiimi
805 5211 935 5263 mmm
951 5208 1094 5262 Mem·
1272 5244 1384 5282 sermon
1410 5233 1456 5285 lib.
1474 5232 1495 5284 1.
1521 5240 1570 5284 rat.
1596 5234 1622 5284 8.
1641 5250 1665 5284 r.
1685 5232 1726 5285 23.
1753 5232 1797 5286 ubi
1813 5240 1895 5286 auten
1917 5232 1971 5284 foco
1995 5232 2132 5294 ,lienim‘
2153 5235 2190 5287 fe-

173 5288 223 5359 47)
239 5290 388 5359 domu}
404 5292 458 5345 Etl-
474 5295 516 5345 4.=
534 5294 654 5347 dontius
1273 5301 1356 5366 9itur=
1376 5300 1538 5364 ,Maeuiua'
