4756 6194
173 433 220 508 83

178 627 300 680 nostra
334 626 452 682 sancta
480 617 547 682 fide
586 638 629 681 ac
661 616 825 702 religione
859 636 957 682 omne
987 618 1159 684 dissidium

175 697 346 781 tollatur,
370 702 405 765 in
438 703 700 786 praesentiarum
715 706 769 781 22)
809 703 952 780 recitare
965 706 1019 783 ²³)
1050 704 1158 777 iussit,

176 785 244 850 hoc
266 787 382 852 modo:
1159 846 1162 859 .

249 990 312 1056 [Pro
333 991 377 1041 noc
399 991 520 1057 Probae,
548 993 629 1058 qualis
654 994 681 1042 in
705 994 796 1057 quinta
826 991 1020 1044 coniurationis
1046 994 1160 1045 iormula

178 1061 279 1126 leyitor.
297 1059 395 1110 brevior
411 1062 437 1108 in
456 1063 533 1109 tertia
551 1071 574 1112 et
592 1069 683 1125 quarta
699 1061 835 1123 exhibetur,
853 1078 921 1128 quesn
937 1077 1002 1113 nune
1019 1079 1033 1114 e
1049 1063 1158 1128 Pilug.

176 1129 278 1247 t(pprtfppr
279 1129 380 1263 1poppo.)
398 1128 544 1195 adiunpam,
564 1136 683 1179 annotina
700 1132 826 1182 ercsietms
845 1129 945 1183 Codicis
960 1131 1046 1183 Mau.
1068 1132 1158 1197 (quar-

556 1368 736 1431 Prologus.
752 1370 778 1435 t)

246 1486 328 1537 Sacra
346 1485 475 1536 Caesarea
493 1495 519 1535 et
536 1486 674 1538 catholica
696 1487 838 1550 Maiestas,
863 1503 939 1553 qnam
962 1490 1072 1554 primum
1096 1502 1157 1537 can·

177 1555 316 1604 sessionem
331 1556 358 1620 b)
383 1569 429 1620 per
451 1554 587 1620 Principes
611 1564 638 1604 et
661 1558 788 1618 civitates,
803 1557 829 1620 ο)
859 1571 924 1620 quae
948 1572 977 1606 se
995 1559 1021 1606 in
1046 1571 1078 1606 ea
1099 1557 1158 1607 sub·

176 1626 344 1687 scripserunt,
364 1624 507 1674 exhibitam
524 1626 637 1688 accepit,
662 1639 709 1689 pro
735 1641 767 1674 eo
790 1624 899 1687 affectu,
924 1640 974 1689 quo
997 1624 1099 1677 neto.
1117 1625 1156 1674 Μ.

175 1695 301 1756 gloriam,
320 1696 465 1742 animarum
486 1695 609 1755 salutern,
635 1694 803 1743 christianam
826 1696 1006 1756 concordiam,
1031 1702 1056 1742 et
1072 1694 1155 1759 publi-

176 1777 233 1811 carn
252 1763 333 1810 totius
351 1761 506 1812 Germaniae
525 1764 645 1827 quietem,
664 1762 806 1824 honorem,
824 1771 851 1811 et
873 1765 997 1813 unionem
1021 1769 1099 1825 atque
1116 1777 1156 1811 sa·

177 1831 258 1879 lutem
279 1839 395 1894 exoptat,
414 1845 466 1879 non
484 1833 562 1880 modo
587 1845 644 1881 eam
668 1831 858 1880 confessionem
881 1833 1006 1895 perlegit,
1025 1832 1086 1891 sed,
1104 1845 1156 1894 quo

175 1898 276 1949 ilrmior
299 1901 477 1965 maturiorque
491 1900 518 1965 d)
542 1898 584 1963 (ut
605 1903 632 1951 in
654 1913 683 1948 re
711 1901 778 1949 tanti
800 1902 926 1952 momenti
949 1900 1037 1964 decet)
1065 1913 1157 1964 proce·

179 1967 260 2027 deret,
278 1969 409 2016 nonnullis
430 1970 492 2017 viris
515 1970 542 2016 iu
561 1970 644 2017 sacris
665 1968 749 2017 literis
773 1970 951 2020 eruditissimis
965 1969 990 2032 θ)
1016 1969 1156 2018 videndam

179 2037 430 2100 examinandumque
456 2037 544 2098 dedit,
572 2038 631 2099 qui,
658 2038 730 2086 omni
757 2052 820 2087 eura
850 2045 929 2101 atque
962 2037 1100 2100 diligentia
1125 2050 1157 2086 es

172 2103 344 2155 confessione
362 2113 513 2168 perspecta,
531 2120 604 2154 stram
627 2108 826 2169 responsionem
848 2105 982 2155 Maiestati
1005 2121 1068 2155 snae
1091 2104 1157 2156 Ose-

171 2187 263 2222 sareae
277 2174 304 2239 t)
332 2174 489 2225 obtulerunt.
531 2172 616 2234 Quam
640 2176 717 2224 etiam
731 2176 759 2241 t)
786 2176 987 2239 responsionem
1011 2175 1101 2223 eadem
1125 2171 1155 2226 Ο.

171 2241 211 2290 Μ.
236 2248 360 2307 tanquam
383 2257 520 2292 commuue
541 2243 660 2292 studiosa
684 2243 777 2293 salutis
805 2244 932 2308 perlegit,
947 2243 977 2306 l²)
1005 2257 1036 2292 ac
1061 2243 1156 2292 ceteris

170 2308 246 2361 Rom.
271 2312 372 2373 imperii
397 2312 574 2370 Electoribus,
597 2310 762 2376 Principibus
788 2320 814 2360 et
833 2313 855 2378 ί)
879 2311 996 2362 Statibns
1018 2311 1155 2374 legendam

173 2378 259 2428 dedit:
278 2379 370 2444 quibus
390 2380 509 2428 omnibns
523 2380 551 2444 k]
570 2386 691 2443 tauquam
711 2381 889 2431 orthodoxam
907 2389 934 2429 et
955 2394 1014 2428 cnm
1038 2379 1060 2445 Ι)
1079 2393 1156 2429 evan·

172 2447 244 2509 gelio
264 2455 290 2494 et
307 2449 391 2498 sacris
409 2448 490 2498 literis
509 2461 556 2510 per
574 2449 663 2498 omnia
678 2450 874 2498 convenientem
888 2448 923 2512 11Ι)
942 2449 1155 2513 approbantibus,

174 2515 257 2578 deque
272 2516 300 2578 ι1)
319 2529 407 2564 eornm
427 2515 536 2564 consilio
555 2523 581 2564 et
598 2530 707 2566 assensu
725 2517 824 2566 eisdem
838 2519 865 2584 ο)
883 2517 1049 2582 Principibus
1075 2523 1102 2567 et
1119 2518 1156 2566 ci·

167 2583 298 2632 vitatibus
316 2584 471 2634 tradendam
489 2585 618 2647 decrerit,
632 2586 661 2652 n)
679 2585 720 2634 his
738 2584 832 2634 verbis.
847 2583 888 2650 a]]

174 2771 225 2837 22)
244 2772 272 2821 in
281 2772 501 2836 praesentiarum]
510 2770 605 2821 Febr.
618 2774 765 2824 manaim
775 2791 781 2820 r
791 2774 1023 2837 inpraesentiarum
1039 2772 1156 2837 (Muel-

243 2840 293 2889 ler
303 2840 377 2904 sclao
396 2841 412 2891 t.
432 2841 449 2892 t.
468 2847 528 2910 nota
548 2843 587 2892 te.
610 2843 699 2907 rescat,
717 2840 812 2894 Pabr.
836 2839 963 2894 antea
989 2845 1017 2893 iu
1033 2856 1156 2909 praesen·

242 2909 311 2974 tia),·
329 2908 436 2960 Cael:
453 2909 647 2974 inpraesentia

171 2994 221 3059 23)
237 2994 362 3058 recitare]
379 2994 488 3045 Faba:
507 2995 612 3046 recitari

190 3097 221 3163 a)
238 3095 395 3162 Prologus.)
424 3094 485 3148 laec
510 3098 639 3166 &sommia
663 3113 791 3169 analeum
814 3097 898 3151 serbis
921 3099 945 3150 si
966 3099 1153 3167 mpesmptisr

246 3164 351 3228 ,Prima
367 3164 459 3215 Pas!
480 3165 554 3230 (ride
571 3167 691 3232 praeced.
709 3174 799 3218 uotam
818 3168 858 3233 3.)
876 3169 904 3216 in
920 3167 1003 3217 lion.
1023 3167 1117 3220 desunt.

189 3250 221 3317 b)
239 3265 316 3316 qnam
333 3252 445 3316 primunr
463 3250 781 3319 confessionem1iion.=
801 3268 859 3304 oum
876 3253 987 3318 primum
1003 3252 1066 3305 naa
1083 3252 1153 3303 Gon·

240 3320 381 3369 sessionem
400 3320 529 3383 quandam
1051 3334 1052 3337 ’

80 3432 86 3451 .
189 3405 217 3472 ο)
236 3403 368 3468 civitates]
391 3404 476 3455 Mon.
503 3403 552 3470 (=
573 3406 697 3471 Dess.):
728 3407 793 3457 duas
816 3407 943 3458 Ciuitates
966 3405 1010 3473 [es
1033 3403 1078 3457 tos
1100 3406 1152 3458 loeo

240 3472 409 3540 similibusque
425 3474 582 3540 intelligitur,
600 3473 663 3526 disne
681 3473 794 3528 Codices
804 3475 989 3543 formabatque
1009 3475 1037 3526 in
1054 3491 1082 3527 eo
1108 3490 1152 3527 es·

240 3540 345 3595 libitam
362 3545 427 3594 inter
444 3543 550 3607 Pilug.
569 3544 588 3594 i.
607 3560 629 3595 e.
653 3546 755 3595 tertiam
773 3559 805 3595 ac
826 3544 967 3596 Deassr.
991 3545 1010 3596 i.
1030 3560 1052 3596 e.
1077 3545 1152 3610 quin·

240 3620 293 3662 tam
310 3610 415 3663 mediam
432 3620 523 3673 tenere,
541 3613 607 3677 cons.
625 3628 703 3680 sapsa
715 3631 743 3679 p.
764 3615 795 3664 19
814 3613 861 3679 sp]

187 3698 219 3765 d)
237 3699 336 3747 firmior
353 3697 542 3764 maturiorque]
560 3697 644 3777 idon.
656 3698 705 3765 (ε
715 3698 741 3749 D
751 3700 842 3766 esa.):
860 3698 960 3748 firmius
975 3697 1152 3763 maturiorque

187 3785 216 3850 e)
235 3784 367 3834 nonnullis
393 3812 426 3821 -
450 3783 641 3850 eruditissimis]
665 3785 768 3834 Mon:
793 3784 927 3835 nonnullis
950 3785 1012 3833 viris
1037 3783 1152 3832 diversa·

238 3869 294 3902 rum
313 3853 457 3902 Nationom
475 3855 502 3902 in
519 3855 600 3903 sacris
617 3855 710 3904 litteris
734 3855 932 3915 emditissimis,
954 3852 1068 3903 moribus
1092 3866 1152 3915 pro·

180 3950 210 3973 ...‚
238 3922 388 3984 batissimis,
407 3929 434 3970 et
451 3921 484 3972 ab
503 3924 574 3971 omni
591 3924 693 3986 privato
712 3922 807 3975 affectu
824 3923 956 3979 admissis,

190 4005 220 4073 i)
237 4006 369 4124 ffipliesttppli
392 4021 454 4056 suae
481 4007 638 4074 caesareae]
672 4007 754 4060 Mon.
778 4011 827 4073 (τ..-
849 4006 975 4075 Dese.)r
1005 3973 1152 4059 emendae

309 4090 320 4123 s

184 4161 217 4224 g)
236 4090 327 4226 caedi]
344 4161 428 4212 Mon.
448 4160 497 4225 (ε
515 4161 641 4225 Desa.)=
658 4175 722 4212 sane

184 4247 217 4313 h)
235 4260 371 4297 commune
397 4246 571 4311 (Weberus
605 4248 749 4315 rupim
775 4253 833 4298 astte
866 4244 930 4297 banc
955 4263 1038 4300 sacen
1067 4263 1153 4300 erere

237 4313 339 4368 amidae
362 4315 485 4368 esa'disse
507 4319 546 4367 in:
570 4318 599 4367 iu
622 4332 756 4368 commune
780 4318 800 4368 i.
819 4333 839 4368 a.
864 4317 892 4366 in
914 4317 1076 4384 universum)
1098 4325 1151 4367 stu·

237 4386 315 4434 diosa
338 4385 428 4434 salutis
455 4385 587 4452 perlegit]
612 4386 713 4437 idam:
743 4386 888 4438 communis
912 4386 1003 4437 salutis
1024 4386 1151 4450 studiosa,

236 4455 432 4506 accuratissima
450 4455 590 4520 diligentia
606 4456 726 4522 perlegit,

194 4537 217 4607 i)
238 4543 275 4607 at]
294 4539 393 4591 idon:
412 4556 444 4591 ac

184 4624 217 4691 k)
236 4627 368 4693 omnibus]
384 4625 470 4677 Mon
489 4626 573 4678 additi
592 4640 649 4677 cam

192 4712 217 4778 1)
236 4711 348 4783 etcum]
366 4713 465 4765 Mon:
483 4721 594 4780 atquae
612 4729 669 4763 euru

177 4799 216 4865 m)
234 4798 439 4868 convenientem]
457 4801 555 4851 idom:
576 4801 722 4852 consentiet

182 4885 215 4953 n)
234 4882 328 4952 deque]
345 4887 372 4934 in
388 4885 419 4936 iti
425 4901 475 4936 ou.
494 4885 568 4937 deest.

183 4973 215 5036 ο)
234 4969 344 5036 eisdem]
363 4970 460 5023 Mora:
479 4973 571 5023 eadem
588 4973 665 5025 Caes.
684 4972 808 5023 Maiestas
826 4971 981 5036 supradictis

183 5057 216 5125 p)
234 5057 387 5107 tradendam
405 5056 532 5127 decrerit]
556 5058 593 5109 od
613 5057 675 5110 haee
696 5055 773 5110 ses-ba
796 5056 983 5108 Muellerus
1008 5057 1025 5109 l.
1044 5057 1062 5109 i.
1076 5075 1105 5127 p.
1125 5058 1150 5110 b.

236 5131 299 5176 nota
319 5127 360 5176 18.
378 5134 445 5181 recte
470 5127 611 5179 marcata
633 5143 696 5191 ergo
721 5129 855 5178 decretum
878 5126 960 5176 inisse
982 5126 1101 5191 ridetur,
1123 5133 1153 5177 nt

237 5194 395 5246 Lutheranis
412 5210 444 5246 ea
468 5198 511 5248 die
531 5200 554 5248 1.
576 5199 620 5248 Au
640 5235 646 5247 .
672 5198 877 5257 traderetur,
901 5197 949 5245 sed
966 5196 1078 5246 consilio
1096 5211 1152 5247 mu·

174 5290 178 5297 ·
238 5271 294 5315 tato
312 5266 356 5316 die
374 5266 399 5317 3.
419 5267 488 5330 Aug.
510 5212 796 5335 [tantumdrecitats
814 5272 874 5315 est.

182 5349 216 5421 q)
234 5351 278 5403 his
289 5340 407 5441 ‘vtrblsrl
423 5352 525 5404 lions
543 5352 622 5405 Velut
637 5366 726 5416 mam,
744 5366 842 5417 susqm
865 5351 971 5419 publiea
986 5350 1151 5403 Auctoritsts

736 5648 738 5652 .
764 5604 773 5632 Ι

622 430 734 500 run.
755 375 861 497 nnn.
884 427 1074 499 scurra
1093 428 1364 499 nonusnci
1385 428 1442 496 nr
1464 426 1739 496 suasorios.

2145 429 2193 500 Bi

1291 616 1347 683 Ad
1369 639 1428 697 ea,
1450 637 1537 703 quae
1557 638 1618 702 per
1639 616 1831 684 Electorem
1855 629 1889 684 et
1910 615 2037 705 aliquot
2059 618 2190 686 Princi-

1204 723 1267 790 pes
1288 724 1332 770 ac
1355 705 1507 770 civitates
1537 703 1633 769 Sacri
1655 703 1751 770 Ram.
1776 705 1903 789 imperii
1930 705 1964 769 in
1992 707 2130 792 negotio
2156 715 2192 771 et

1206 790 1319 854 causis
1342 787 1542 854 christianae
1565 799 1598 856 et
1619 789 1826 856 orthodoxae
1848 789 1925 856 fidei
1946 790 2070 856 Sacrae
2087 789 2190 857 Caes.

1203 875 1372 940 Maiestati
1406 875 1553 940 exhibita
1593 871 1746 955 suerunt,
1779 875 1847 941 hoc
1886 875 2104 943 christianum
2138 894 2190 943 re-

1204 979 1365 1045 sponsum
1387 961 1481 1026 reddi
1503 972 1630 1044 potest:
1645 964 1698 1040 24)

1448 1185 1654 1297 [rans
1707 1187 1942 1273 Paron.

1523 1401 1585 1468 Ad
1608 1402 1731 1469 artic.
1755 1403 1794 1484 1.]
1810 1407 1864 1484 ²⁵)

1289 1536 1326 1602 ln
1359 1540 1474 1621 primis
1509 1560 1583 1604 cum
1616 1539 1757 1606 articulo
1791 1541 1897 1625 primo
1913 1544 1966 1618 2⁶)
2001 1540 2189 1609 confitean-

1202 1632 1258 1688 tur
1272 1626 1325 1703 ²⁷)
1343 1628 1501 1690 unitatem
1525 1625 1838 1691 essentioediviuae
1853 1629 1906 1704 28)
1928 1626 1960 1690 in
1983 1628 2089 1692 tribus
2111 1648 2188 1712 per-

1203 1709 1297 1773 sonis
1319 1711 1412 1775 iuxta
1433 1709 1573 1776 Nicaeni
1596 1708 1727 1776 concilii
1746 1711 1935 1789 decretum3
1962 1731 2076 1778 eorum
2106 1734 2188 1780 con·

1202 1791 1307 1861 fessio
1329 1798 1540 1881 acceptanda
1561 1808 1623 1876 est,
1637 1800 1691 1873 29)
1714 1816 1772 1876 eo,
1802 1797 1894 1888 quod
1917 1817 1977 1882 per
2004 1799 2116 1864 omnia
2143 1800 2188 1866 ad

1270 2121 1437 2183 roboratam,
1460 2120 1496 2170 Et
1518 2121 1552 2171 ab
1570 2122 1691 2171 omnibus
1713 2123 1822 2187 perinde
1843 2121 1916 2174 Sacri
1937 2123 2050 2175 Romani
2072 2124 2185 2187 Imperii

1270 2189 1392 2239 membris
1411 2196 1438 2239 et
1455 2189 1566 2240 subditis
1584 2192 1698 2241 unanimi
1722 2205 1850 2241 consensu
1869 2192 1890 2255 [.
1910 2200 1938 2240 ut
1962 2193 2045 2243 amnis
2072 2192 2105 2243 de
2129 2193 2184 2243 ilde

1271 2265 1297 2306 et
1313 2259 1445 2322 religione
1464 2259 1598 2311 discordis
1615 2260 1743 2327 tollatur.)
1762 2261 1955 2327 acceptandam.

1202 2378 1248 2443 24)
1266 2379 1311 2428 Ad
1329 2392 1375 2440 ea,
1393 2391 1461 2441 quae
1471 2405 1503 2415 -
1515 2393 1584 2443 resp.
1602 2379 1678 2429 reddi
1692 2378 1804 2446 pateam]
1824 2380 1862 2429 sie
1877 2378 1937 2432 iaec
1953 2379 2031 2431 cerba
2046 2381 2074 2430 ia
2089 2380 2184 2433 Dess.

1270 2447 1312 2509 b.,
1330 2445 1486 2508 Pranch,
1504 2446 1595 2509 Has,
1617 2449 1675 2499 ient
1692 2450 1719 2498 is
1741 2448 1854 2514 Chytr.
1873 2465 1892 2500 a
1904 2447 2111 2515 praecedentibus
2126 2457 2185 2516 arsa

1270 2517 1382 2566 rannac
1399 2522 1464 2576 suat,
1481 2516 1571 2582 qns'ere
1587 2515 1653 2581 qaod
1668 2519 1864 2581 inscriptionem
1888 2515 2080 2568 confutationis
2104 2521 2185 2569 coarti-

1270 2590 1341 2645 πεπυ
1359 2584 1457 2650 inipso
1475 2590 1556 2634 aunem
1575 2582 1666 2636 Codice
1689 2584 1730 2649 (in
1751 2584 1844 2634 Dess.
1870 2599 1893 2634 a
1920 2585 1956 2636 ad
1977 2588 2091 2636 massam
2115 2589 2186 2654 typis

1271 2652 1399 2718 sapsam)
1414 2650 1618 2718 praecedentibus
1633 2655 1661 2703 in
1684 2655 1800 2704 mntiaaa
1821 2653 1887 2704 linea
1910 2670 2008 2706 amesa
2031 2661 2099 2714 sant,
2125 2657 2185 2708 itass

1270 2721 1298 2771 ia
1314 2721 1406 2770 Febr.
1443 2720 1477 2770 At
1494 2722 1521 2770 ia
1537 2720 1621 2772 sabis
1637 2721 1699 2788 ipsis
1716 2719 1777 2773 haee
1794 2722 1918 2772 invenitur
1934 2725 2061 2774 condas:
2078 2723 2108 2788 a)
2128 2731 2184 2777 nost

1269 2803 1352 2840 sacen
1360 2789 1507 2838 Electorem
1526 2788 1598 2840 addit
1616 2789 1745 2854 Chytr.:
1762 2789 1912 2855 Saxouiae,·
1930 2791 1961 2856 b)
1976 2785 2183 2858 pronegotioet

1271 2855 1577 2910 austriacarum
1595 2861 1710 2922 negotiis
1727 2873 1759 2909 ac
1777 2860 1877 2920 causis;
1897 2859 1925 2924 c)
1939 2875 1988 2926 pro
2006 2867 2091 2924 potest
2109 2859 2184 2913 habs

1269 2925 1379 2977 Faba:
1397 2925 1488 2991 possit,
1504 2925 1598 2978 Desa.
1627 2927 1667 2991 b.,
1698 2927 1858 2990 uranon,
1883 2926 1972 2979 Hes:
1996 2932 2096 2994 potuit,
2119 2947 2184 2996 qaae

1271 2993 1355 3045 altas
1373 2993 1446 3046 lectio
1464 3001 1522 3046 oria
1539 3004 1575 3047 est
1599 3011 1630 3046 es
1644 2996 1721 3062 falsa
1743 2996 1874 3047 Weberi
1895 2996 2100 3064 interpretatione
2118 3014 2183 3049 aas·

1264 3063 1355 3130 petdii
1362 3063 1505 3128 emptionis
1513 3071 1550 3129 pt,
1560 3061 1657 3131 quodi.
1668 3065 1687 3114 l.
1699 3065 1727 3114 ia
1744 3065 1837 3115 Desa.
1854 3079 1879 3114 a.
1899 3073 1998 3128 essm,
2016 3065 2183 3119 massaeo-

1269 3131 1573 3197 cempatestsipnificare,
1586 3133 1663 3184 acca
1681 3149 1695 3186 e
1710 3134 1755 3184 lo.
1774 3134 1908 3184 Ludoli.
1927 3134 2182 3186 WaltheriLexl·

1270 3214 1300 3251 co
1311 3201 1482 3265 diplomatico
1493 3200 1651 3266 (Gottingae
1662 3203 1737 3253 itit.
1748 3201 1820 3266 Pol.)
1838 3217 1864 3266 p.
1876 3203 1935 3254 304.
1952 3200 2020 3254 Edd.
2040 3203 2181 3255 Franck

1270 3276 1294 3321 st
1310 3269 1386 3322 Hes.
1406 3285 1437 3321 ec
1453 3269 1549 3322 Desa.
1569 3270 1593 3322 b.
1612 3284 1717 3322 recusae
1733 3276 1789 3320 sant
1806 3269 1910 3338 indeque
1931 3269 1995 3321 irinc
2016 3287 2125 3323 errorem
2141 3289 2182 3326 rs-

1268 3345 1392 3406 eepaunt.
1411 3337 1520 3401 Chytr.
1537 3335 1727 3390 reetesnbibeti
1741 3347 1838 3404 potest.
1856 3366 1891 3378 -
1907 3339 1938 3389 In
1955 3340 2079 3404 Pilug.;
2095 3341 2181 3392 Mon.

1267 3412 1334 3457 totas
1351 3404 1392 3456 laic
1410 3406 1491 3457 naar:
1510 3406 1554 3456 Ad
1573 3421 1605 3456 ea
1621 3434 1655 3445 -
1672 3408 1748 3458 reddi
1766 3414 1861 3473 potest.
1879 3407 1985 3459 nandum
2003 3416 2116 3478 apparet.

1199 3490 1247 3558 25)
1265 3491 1330 3543 Pars
1353 3492 1433 3557 prior.
1467 3491 1513 3542 Ad
1536 3492 1610 3541 artic.
1632 3490 1667 3558 1.]
1692 3488 1754 3544 iaec
1774 3494 1906 3560 inscriptio
1927 3495 2008 3559 partis
2030 3502 2054 3547 et
2077 3497 2183 3547 articuli

1270 3561 1376 3626 eiusque
1394 3574 1515 3610 numerus
1532 3575 1579 3610 son
1596 3560 1673 3611 sotum
1690 3559 1714 3611 d.
1733 3562 1763 3623 t,
1780 3561 1826 3614 sed
1842 3562 1914 3614 stan
1930 3565 1959 3612 in
1981 3562 2139 3629 maenadas
2155 3567 2183 3615 in

1268 3629 1323 3696 ι’μο
1342 3626 1403 3680 Ood.
1424 3628 1509 3679 &nsit
1527 3628 1606 3695 (caat.
1626 3643 1656 3678 ss
1687 3647 1704 3680 a
1715 3645 1744 3697 p.
1763 3631 1808 3681 tt.
1825 3637 1885 3680 nata
1901 3631 1941 3697 3.)
1959 3639 2110 3700 quopropter
2127 3633 2182 3684 ubi-

1267 3714 1314 3764 pae
1330 3697 1399 3746 intra
1416 3697 1517 3749 uncinos
1534 3699 1562 3747 s'tt
1586 3696 1632 3748 dac
1675 3697 1701 3750 d.
1719 3698 1857 3759 adderetur,
1873 3697 1904 3749 In
1920 3700 2015 3752 Febr.
2033 3700 2127 3766 epita
2143 3705 2181 3754 its-

1268 3766 1384 3832 senptio:
1403 3765 1492 3816 Caroli
1511 3765 1632 3818 Caesaris
1650 3774 1677 3815 et
1694 3766 1890 3819 catholicorum
1906 3767 2058 3834 Principum
2077 3771 2112 3820 ad
2130 3774 2182 3821 Ar-

1268 3834 1376 3886 ticulum
1399 3835 1510 3900 primunr
1535 3836 1686 3902 responsio,
1708 3834 1754 3887 abs
1776 3851 1825 3903 qua
1847 3839 1997 3903 sequentiam
2019 3840 2182 3889 macarem

1268 3904 1442 4023 witti
1454 3903 1836 4038 tttmtztttt.
1848 3904 2184 4040 litat-..teta

1270 4041 1365 4093 Cael.
1383 4039 1424 4092 iric
1441 4047 1491 4093 art.
1510 4041 1548 4090 sie
1567 4041 1703 4109 mseiptm
1720 4048 1770 4094 eet:
1793 4043 1837 4091 Ad
1855 4041 2004 4093 Articulum
2020 4044 2042 4094 1.
2065 4043 2107 4094 De
2125 4022 2182 4096 irni-

1268 4117 1322 4160 tate
1350 4111 1480 4160 essentiae
1506 4109 1703 4175 Theologorum
1729 4110 1928 4163 Pontiticiorom
1953 4115 2100 4178 responsio.
2129 4112 2182 4179 (Ab

1268 4175 1316 4228 tae
1336 4178 1498 4244 insciptione
1518 4180 1669 4245 septentiam
1691 4179 1853 4230 atieahrsnr
1874 4181 2046 4251 inscriptiones
2069 4183 2120 4234 solo
2138 4198 2183 4232 aa·

1268 4262 1335 4297 mero
1358 4252 1382 4297 et
1400 4253 1544 4312 cruentatio
1566 4246 1706 4315 differunt.)
1732 4275 1766 4287 -
1789 4248 1899 4314 Pilug.
1923 4246 1995 4301 babet
2013 4248 2076 4301 haste
2091 4252 2182 4302 inseri·

1263 4316 1386 4384 pliorem:
1404 4315 1507 4367 Primus
1532 4317 1665 4369 amonim.
1703 4317 1744 4367 De
1766 4319 1889 4368 trinitatis
1913 4318 2052 4369 divinitate
2076 4326 2102 4370 et
2125 4321 2183 4369 unl-

1269 4385 1330 4435 tatis
1349 4385 1473 4446 essentia,
1492 4400 1556 4451 qaas
1573 4384 1662 4437 danda
1677 4392 1776 4438 saraam
1798 4395 1835 4439 est
1851 4387 1890 4436 in:
1914 4387 1947 4436 de
1970 4388 2072 4438 unitate
2094 4403 2184 4438 essem

1269 4453 1336 4515 tiae,
1357 4460 1385 4502 at
1414 4455 1496 4519 sangis
1526 4455 1666 4506 coascaint
1695 4453 1778 4507 cetis
1798 4456 1866 4521 Aac.
1895 4452 2070 4522 Caesarianis.
2094 4484 2129 4495 -
2152 4455 2183 4507 la

1266 4521 1351 4572 Mon.
1369 4523 1473 4573 articuli
1492 4524 1584 4573 1—21.
1601 4521 1803 4591 inscriptionibus
1820 4531 1919 4586 carmt3
1934 4530 2030 4577 scissa
2047 4541 2078 4578 cs
2091 4527 2185 4592 primis

1268 4589 1422 4657 naeniarum
1438 4589 1521 4644 serbis
1539 4592 1697 4657 manamine·
1712 4608 1828 4645 manans
1845 4609 1938 4645 eorum.

1199 4675 1247 4745 to)
1266 4677 1377 4729 articulo
1394 4676 1492 4744 primo]
1517 4679 1555 4728 sie
1577 4676 1709 4743 (thyre,
1733 4677 1844 4738 itata,
1866 4678 2020 4744 Francia,
2043 4678 2135 4741 Hes.;
2156 4680 2185 4731 is

1267 4746 1360 4799 Desa.
1379 4745 1460 4800 deest:
1478 4748 1562 4814 primo

1200 4832 1248 4899 27)
1266 4846 1325 4881 cam
1347 4839 1397 4884 art.
1420 4833 1504 4899 primo
1527 4830 1714 4898 confiteantur]
1743 4832 1869 4896 Pilug„
1898 4831 1998 4884 Mona
2024 4847 2082 4884 cum
2106 4833 2184 4885 Prin·

1270 4903 1339 4966 cipes
1357 4902 1468 4953 meula
1486 4901 1571 4966 primo
1590 4901 1765 4952 confiteantur
1782 4899 1852 4967 (Vos
1869 4901 2006 4968 Principes
2022 4903 2051 4953 in
2067 4902 2185 4968 famula

1264 4971 1359 5038 prisea,
1376 4971 1455 5022 tertia
1472 4976 1496 5022 et
1513 4976 1606 5039 quarta
1622 4986 1698 5037 saepe
1714 4972 1839 5032 oceania
1856 4972 1883 5020 ia
1900 4969 1939 5022 iis
1956 4973 2019 5024 arim
2036 4970 2128 5038 abique
2145 4971 2192 5024 di·-

1270 5039 1346 5090 citari
1369 5039 1506 5105 Principes
1524 5037 1690 5106 [Lutherani]
1716 5040 1889 5103 confitentur,
1911 5042 2036 5092 damnant
2052 5047 2113 5103 aa..
2133 5056 2184 5108 pro

1268 5125 1319 5176 pua
1341 5108 1440 5160 decadi
1459 5110 1557 5160 ratione
1577 5109 1693 5175 famula
1715 5112 1801 5177 quinta
1828 5107 1915 5162 babet:
1943 5110 2110 5170 eonfitemur,
2137 5111 2184 5161 ds·

1267 5184 1359 5229 muaut
1377 5177 1484 5242 (nemine
1501 5179 1713 5243 nominato),eide
1729 5179 1889 5229 Muelleri
1907 5187 1998 5231 annot.
2016 5196 2042 5246 p.
2052 5178 2078 5233 ii.
2096 5194 2123 5231 u.
2142 5178 2183 5247 2.)

1200 5266 1247 5332 28)
1265 5265 1394 5316 essentiae
1412 5263 1527 5330 divinae]
1546 5264 1670 5330 Pilug.,
1687 5266 1717 5316 M
1723 5281 1786 5316 om:
1804 5266 1909 5317 divinae
1927 5268 2057 5316 essentiae

1199 5351 1247 5418 29)
1265 5365 1355 5401 eorum
1373 5349 1506 5401 ooniesrio
1524 5351 1686 5416 soceptsuds
1704 5350 1763 5418 est]
1782 5351 1907 5418 Pilug.,
1923 5350 2026 5405 Hom:
2049 5350 2133 5403 aaa·
2149 5348 2181 5403 0.
