4786 6210
185 408 250 479 au
633 406 749 477 rum
767 402 875 476 unu
892 403 1082 474 sunium
1102 402 1375 474 coenamus
1395 402 1454 475 ur
1474 358 1756 473 emmonim(
1831 456 1835 465 .
2136 402 2206 470 eu

187 618 232 666 ne
253 597 344 686 quod
365 599 551 663 membrum
571 594 650 663 mali
661 595 760 682 coqui
771 613 864 660 more
875 605 1069 680 quassatum
1080 591 1170 660 iran-
1221 614 1308 660 mam
1339 612 1452 675 auam,
1483 594 1626 660 hostiam
1660 613 1722 679 pro
1750 592 1900 672 delictis,
1932 593 2057 660 videbit
2086 611 2204 660 senum

188 695 258 771 gat.
293 684 363 749 Sed
383 681 470 748 haec
489 693 669 768 praecepta
690 681 874 762 aduersarij
898 678 1073 767 magnifice
1089 700 1169 745 eon·
1220 677 1402 766 longeuum
1436 690 1500 747 etc.
1550 678 1635 749 Nam
1668 677 1868 745 vocabulum
1946 691 2014 765 vx
2044 699 2114 765 quo
2146 679 2228 779 bia,

188 779 355 848 temnunt,
388 788 430 834 ec
451 788 532 835 vere
554 779 632 834 sunt
654 767 744 832 iuxta
762 763 935 832 Platonem
956 770 1046 843 saxol
1064 765 1170 848 μάγει·
1221 786 1305 832 vaus
1328 775 1397 845 est,
1430 764 1598 852 significat
1624 763 1765 830 bostiam
1792 780 1855 849 pre
1883 763 1903 828 d
1939 765 2022 845 icto,
2054 783 2143 850 quae
2169 765 2203 831 ln

187 879 250 942 pot,
271 851 429 940 sacrificij
447 855 595 919 membra
607 863 869 936 corrumpentes,
893 853 1169 938 quemadmodum
1222 850 1300 940 lege
1321 851 1542 938 significauit,
1575 851 1675 938 quod»
1688 863 1831 917 ventura
1851 861 1945 916 esset
1966 848 2078 916 hostia
2099 869 2203 938 quae·

188 939 330 1027 intelligi
362 941 503 1026 poterit,
541 959 616 1006 oum
653 938 787 1024 species
819 937 977 1025 sacrificij
1009 957 1169 1005 recensu·
1222 939 1299 1005 dam
1320 937 1539 1003 rubefactura
1581 958 1622 1002 ro
1643 936 1940 1021 peccatisnostris
1961 933 2203 1003 etreconcilia·

190 1027 324 1093 murus.
1221 1034 1296 1090 tura
1316 1023 1443 1103 Deum,
1465 1034 1502 1089 vt
1523 958 1648 1089 sofrent
1668 1022 1840 1100 homiues,
1863 1022 1954 1107 quod
1974 1040 2042 1087 oon
2063 1032 2204 1124 propter

276 1109 440 1195 Theologi
462 1120 555 1175 recte
576 1107 689 1174 solent
707 1109 914 1195 distinguere
924 1120 1169 1174 sacramentum
1222 1121 1357 1175 nostras
1380 1110 1551 1188 iusticias,
1573 1111 1634 1175 sed
1656 1120 1793 1194 propter
1813 1103 1921 1173 eliens
1947 1109 2083 1187 merita,
2111 1108 2204 1174 mde-

189 1207 225 1263 et
245 1196 456 1263 sacrificium.
499 1196 551 1261 Sit
578 1195 679 1282 igitur
704 1213 811 1284 genus
833 1193 971 1273 horum,
992 1191 1047 1260 vel
1076 1214 1169 1260 cere·
1221 1192 1302 1261 licet
1322 1192 1457 1284 Christi,
1477 1193 1559 1262 velit
1580 1194 1675 1261 Deus
1697 1195 1795 1259 nobis
1816 1190 2035 1258 reconciliari.
2071 1191 2201 1259 Paulus

189 1283 320 1362 monia,
348 1279 403 1348 vel
425 1300 510 1366 opus
538 1300 684 1347 sacrum.
729 1281 979 1347 Sacramentum
1002 1292 1056 1345 est
1074 1299 1168 1345 cere·
1221 1281 1309 1347 idem
1336 1300 1458 1347 nomen
1479 1293 1593 1367 mx
1618 1282 1855 1366 interpretetur
1880 1289 2055 1363 peecatum
2081 1277 2201 1345 Roma.

189 1369 312 1446 monia,
335 1364 388 1433 vel
410 1385 515 1451 opus,
546 1367 581 1431 in
613 1386 680 1451 quo
703 1364 799 1433 Deus
826 1368 932 1472 nobis·
946 1365 1083 1431 exhibet
1102 1364 1170 1466 boe
1192 1396 1200 1461 Ι
1222 1367 1288 1447 viij.
1311 1368 1355 1433 de
1375 1377 1517 1453 peccato
1540 1368 1708 1433 damnauit
1729 1375 1917 1450 peccatum,
1938 1364 2059 1512 idhest3
2081 1383 2202 1450 pecce-

188 1451 448 1624 gggguzfferetsta
450 1472 560 1623 23:³12
589 1451 1170 1642 ιξίξιᾞῗὲθυεὲωόῗέιίἂοῖῖωξέ,
1220 1452 1761 1644 prpcucppptugtigppfippppptpgrpp
1774 1462 2202 1642 ξίἷῖἷίιιξθῖηωῆῗέῗοιᾞ

188 1623 614 1815 tlaehitiditidb
627 1622 1171 1814 ittilniailittnslil
1222 1621 2120 1812 tiliiluilltlettbitbldtifbii
2133 1640 2203 1774 ‘50¹1

187 1793 1169 1984 {titiliustitii‘ttits‘tit‘⁰habiit‘ltlii:
1222 1793 1833 1975 ftbttlttiltgrltss‘ilzhit?
1841 1790 2203 2028 illsilffli'ss..

189 1964 1169 2154 illstbilititnth‘zitttiiid,limi
1222 1964 2203 2140 bii:i,izitlturlttbliht‘,libitui

188 2137 306 2223 critica]
339 2139 471 2223 species
505 2137 676 2222 proximae
705 2138 806 2217 duae,
838 2157 902 2204 neo
932 2150 1011 2203 sunt
1042 2134 1169 2242 plures.
1222 2138 1386 2225 quandam
1408 2137 1586 2206 humanam
1608 2139 1751 2205 hostiam
1771 2132 1978 2222 piscaturam
2000 2134 2203 2238 asselleunp

188 2221 364 2297 Quoddem
398 2237 451 2289 est
486 2222 687 2289 morihoium
722 2224 1010 2308 propiciatorium,
1044 2225 1077 2288 ud
1105 2233 1170 2301 est,
1221 2225 1283 2290 toti
1306 2225 1421 2310 generi
1442 2224 1599 2291 humano.
1642 2224 1766 2290 Graeci
1787 2219 1878 2301 alibi,
1901 2220 2098 2306 καθάρματα,
2121 2217 2202 2286 aliha

188 2327 274 2394 opus
295 2309 552 2376 satisfactorium
579 2327 642 2391 pro
664 2305 782 2393 eulpa,
805 2323 839 2377 et
859 2330 987 2394 poena,
1021 2308 1088 2374 hoc
1116 2318 1170 2374 est
1222 2311 1422 2397 neptpq‘peru
1438 2306 1719 2396 appellauerunt·
1747 2304 1852 2375 lntelli
1877 2319 1936 2374 unt
1955 2307 2058 2394 igitur
2079 2304 2202 2371 Esaias

189 2392 412 2461 reconcilians
423 2394 545 2473 Deum,
568 2391 781 2497 seuplacans
802 2396 886 2461 iram
898 2395 974 2474 Dei,
998 2414 1061 2460 seu
1077 2396 1169 2481 quod
1221 2407 1255 2461 et
1277 2394 1404 2463 Paulus
1426 2395 1596 2463 Christum
1618 2391 1846 2463 factumesse
1890 2394 2022 2485 ostiam,
2044 2390 2113 2458 boe
2135 2403 2203 2470 eet,

188 2492 336 2586 meretur
357 2479 442 2584 alijs·
456 2483 684 2587 remissionem
696 2492 924 2587 peccatorum.
954 2478 1073 2545 Altera
1094 2499 1170 2564 spe·
1220 2479 1400 2566 piaculum,
1421 2493 1460 2547 vt
1477 2482 1583 2567 ipsius
1604 2483 1750 2560 meritis,
1764 2498 1837 2585 nop
1860 2480 1984 2545 nustria
2005 2474 2203 2543 reconcilia·

189 2565 1171 2733 ittsolstitiali?tittn‘titldttituiti
1220 2578 1314 2719 iti:
1334 2560 2203 2737 lmaltlttt'ssilssnluiltdildl

190 2737 228 2803 lit
248 2757 270 2800 e
291 2737 529 2840 reconciliatis,
550 2748 587 2802 vt
607 2756 672 2821 pro
689 2749 830 2840 accepta
841 2738 1037 2837 remissione
1046 2756 1169 2824 pecca·
1220 2738 1305 2804 Nem
1327 2735 1565 2811 Leuitico-illa
1594 2672 1763 2804 scandata
1789 2736 2042 2822 propiciatorio,
2073 2746 2203 2801 tantum

189 2832 312 2900 torum,
334 2833 368 2886 et
388 2842 452 2908 pro
474 2820 553 2908 elus
575 2822 750 2907 beneficus
770 2824 932 2909 acceptis,
953 2836 1171 2911 grauesage·
1220 2824 1272 2889 sio
1293 2820 1549 2909 appellabantur
1575 2826 1619 2890 ed
1645 2822 1900 2910 significandum
1921 2820 2067 2888 sutorum
2088 2822 2204 2925 piacu-

189 2927 277 2987 tnus,
297 2926 360 2973 sen
380 2910 520 2993 gratiam
541 2906 741 2976 reseramus,
1220 2906 1297 2975 lum.
1342 2908 1527 2994 Propterea
1546 2907 1771 2975 similitudine
1826 2909 1947 2975 uadem
1978 2917 2076 2974 eraut
2102 2918 2204 2973 satra·

308 3012 347 3059 aa
369 2995 493 3059 duess
558 2995 609 3060 ies
631 3015 692 3060 sac
746 2994 789 3060 ci·
812 3013 866 3060 ma
914 3013 1055 3078 opereo
1103 3004 1170 3060 rtet
1235 2994 1387 3060 actiones
1409 2995 1609 3061 redimentes
1631 2996 1796 3062 iusticiam
1831 2994 1923 3073 eis,
1954 3013 1999 3059 ne
2020 3012 2064 3059 ex
2143 2993 2205 3057 itia

275 2992 306 3058 Η
496 3013 558 3081 nec
695 2991 789 3081 no,
867 3013 912 3081 sn
1057 3013 1101 3080 no
1219 2990 1240 3059 f
1803 2928 1875 3081 (le
2082 2991 2143 3079 n⁰¹

190 3090 225 3146 et
245 3079 279 3144 ln
308 3077 374 3145 bae
396 3081 647 3160 controuersia,
679 3079 767 3145 etin
789 3077 867 3144 ali's
880 3079 1000 3151 ,multis
1023 3081 1171 3164 disputa·
1221 3077 1478 3147 excluderentur
1497 3081 1553 3147 isti
1564 3082 1622 3232 pui
1630 3090 1865 3167 peccauerunt.
1897 3077 2077 3146 Debebunt
2086 3089 2201 3146 autem

191 3165 344 3232 cionibus
364 3164 399 3228 in
420 3176 618 3252 conspeetu,
641 3175 672 3233 et
693 3167 777 3231 obo
836 3167 1017 3251 ospositas
1030 3166 1169 3245 hebere,
1222 3184 1360 3232 cessare
1374 3178 1459 3316 ¹post
1483 3178 1669 3234 recentum
1692 3163 1920 3253 Euangelium.
1965 3164 2009 3230 Et
2030 3163 2108 3250 quia
2129 3182 2203 3229 oes-

190 3249 297 3316 eisin
345 3246 408 3314 lari
429 3251 600 3336 diligentia
621 3251 805 3319 cauendum
822 3263 887 3331 est,
909 3249 1171 3318 neconlundan·
1220 3272 1298 3318 sare
1318 3253 1352 3317 in
1405 3250 1549 3339 unageitj
1579 3250 1785 3320 reuelatioue
1812 3252 1996 3329 debebant,
2016 3270 2086 3316 non
2103 3259 2203 3316 erant

189 3346 256 3400 tur.
300 3268 400 3407 {hod
419 3337 448 3400 si
469 3336 589 3401 modus
610 3336 711 3403 huius
733 3333 809 3403 libri
820 3348 1000 3423 pateretur,
1021 3339 1171 3403 rationes
1220 3358 1301 3405 vere
1323 3340 1593 3423 propiciationes,
1616 3359 1691 3406 cum
1712 3334 1932 3426 Euangelium
1959 3337 2037 3402 ideo
2059 3335 2203 3423 promis-

189 3419 290 3487 haius
310 3421 482 3487 diuisionis
502 3420 713 3489 adderemus.
746 3421 857 3487 Habet
875 3423 962 3488 enim
973 3418 1172 3489 satiemulta
1220 3442 1295 3490 eum
1316 3423 1373 3500 sit,
1397 3435 1433 3489 vt
1453 3421 1609 3490 exhibeat
1630 3424 1914 3510 propiciationem.

189 3507 379 3574 testimonie
400 3505 597 3592 inEpistula
619 3506 804 3574 adlibreos
823 3517 858 3572 et
876 3506 968 3574 alibi.
1001 3508 1044 3574 Et
1060 3509 1171 3574 omnia
1305 3506 1405 3574 Nunc
1426 3506 1487 3574 reli
1511 3529 1555 3575 na
1577 3522 1656 3576 sunt
1682 3508 1848 3576 sacrifitie
1875 3506 2086 3592 aipuptmrad,
2113 3523 2203 3593 qnae

190 3591 671 3660 sacrificieLeuitieaadheec
691 3595 841 3660 membra
861 3589 991 3673 reierri,
1012 3606 1170 3743 tanqpam
1219 3603 1385 3744 ppcantur
1417 3530 1583 3700 sacrificia
1606 3592 1744 3745 ilaudlm
1777 3595 1991 3745 fm⁰d⁵⁰f⁸³⁰·
2011 3589 2201 3743 Emnpffiij,

192 3766 356 3851 quaedam
366 3757 603 3850 propiciatorio
613 3762 781 3831 sacrificia
798 3777 936 3851 propter
953 3696 1169 3852 signorelli?
1219 3691 1513 3849 noeesgppppcrpltnrp,
1542 3691 1604 3832 mot
1617 3691 2200 3852 ᾙιιῖααΐοῗαθὲἒεζῃὲἑηιαοηζ

191 3870 280 3928 nem,
304 3868 365 3915 seu
387 3848 649 3930 smrilitudinem,
681 3870 749 3916 non
800 3852 869 3916 aod
889 3864 1096 3917 mererentur
1117 3870 1170 3914 re-
1219 3849 1313 3915 llaec
1331 3850 1499 3917 sacrificia
1520 3871 1590 3916 non
1612 3863 1726 3919 sunta
1749 3849 1959 3919 tisfactiones
1975 3846 2199 3936 proiaoiemi·

191 3936 385 4002 missionem
407 3945 620 4020 peccatorum
643 3955 757 4002 coram
813 3957 864 4002 eo.
910 3937 979 4001 Sed
1002 3937 1080 4022 quia
1100 3956 1169 4001 me·
1219 3937 1296 4016 bus,
1317 3934 1373 4002 vel
1394 3934 1615 4023 applicabiles
1630 3957 1693 4021 pro
1715 3938 1805 4022 sija,
1826 3956 1915 4023 quae
1935 3946 2129 4002 mereantur
2150 3934 2200 3998 eis

191 4023 351 4087 rebantur
370 4021 600 4086 remissionem
626 4035 839 4107 pcccatorum
866 4022 1050 4087 seeundum
1076 4022 1170 4086 iusti·
1219 4041 1264 4087 ex
1286 4033 1548 4109 operaoperato
1569 4024 1807 4091 remissionem·
1821 4032 2048 4108 peccatorum,
2069 4040 2133 4085 seu
2148 4038 2201 4083 re·

181 4107 281 4174 -ciarn
301 4104 399 4193 legis,
421 4127 465 4172 ne
485 4105 532 4172 illi
554 4126 616 4190 pro
639 4107 760 4192 quibus
775 4104 901 4173 fiebant
912 4104 1170 4173 excluderentur
1221 4106 1499 4174 conciliationem.
1534 4108 1633 4174 Fiunt
1654 4109 1740 4174 enirn
1758 4129 1779 4174 a
1796 4105 2031 4175 reconciliatis.
2066 4103 2110 4171 Et
2120 4102 2201 4171 talia

194 4193 237 4258 ab
258 4194 323 4257 ista
333 4190 455 4278 politia
487 4190 694 4257 Dicebantur
714 4193 826 4277 itaque
841 4213 903 4278 pro
927 4193 1087 4273 iciatoriu,
1108 4213 1171 4278 pro
1220 4204 1299 4257 eunt
1320 4192 1488 4259 sacrificia
1505 4195 1585 4260 noui
1603 4195 1802 4276 testamenti,-
1824 4195 1911 4260 sicut
1921 4192 2021 4258 docet
2031 4190 2157 4257 Petrus
2169 4190 2200 4255 l.

192 4290 346 4366 peccato,
390 4298 429 4343 ro
447 4275 583 4356 delicto,
604 4275 849 4344 holocaustum.
931 4299 1056 4346 avaro
1074 4288 1172 4344 erant
1222 4278 1311 4343 Petri
1332 4279 1367 4364 ij.
1405 4279 1635 4346 Sacerdotium
1655 4291 1820 4354 sanctum,
1842 4288 1879 4345 vt
1898 4277 2048 4344 offeratis
2069 4275 2203 4341 hostias

183 4363 387 4514 pimenem
409 4360 547 4444 oblatio,
571 4361 699 4444 libatio,
720 4363 967 4436 retributiones,
990 4365 1170 4449 primiciae,
1219 4362 1424 4515 spirittupalps.
1469 4362 1823 4516 Oppplp'pnturepprepo
1844 4364 1976 4513 bpstiae
1989 4359 2202 4514 'spiritam

218 4469 353 4516 ecrmae.
1220 4469 1290 4514 non
1347 4470 1368 4513 n
1628 4470 1646 4515 s
1681 4471 1699 4515 s
1913 4467 2096 4515 mansue
2148 4468 2170 4512 u

280 4536 349 4601 Sed
371 4553 490 4600 reuera
515 4534 650 4602 unicum
676 4545 804 4600 tantum
826 4535 860 4599 in
881 4535 1004 4602 mundo
1033 4530 1094 4598 luit
1116 4554 1171 4599 sa·
1221 4556 1264 4602 ex
1285 4469 1553 4621 operemhlpffl
1571 4472 1717 4615 hblle’tim
1738 4470 2010 4624 phirrngphuituale
2030 4469 2075 4599 sip
2110 4466 2204 4598 ibex

185 4617 353 4705 ,emfioinm
375 4619 661 4705 propiciatorium,
684 4618 841 4687 videlicet
861 4640 954 4686 mors
977 4617 1114 4699 Christi,
1135 4629 1171 4684 vt
1220 4634 1332 4688 motus
1353 4622 1488 4706 spiritus
1511 4623 1620 4687 sancti
1640 4623 1675 4687 in
1696 4624 1804 4688 nobis.
1847 4621 1937 4686 ldem
1960 4621 2062 4686 docet
2101 4617 2203 4684 aulus

193 4703 457 4791 docetEpistola
472 4707 516 4773 ad
534 4704 664 4771 libreoa
687 4725 773 4791 quae
795 4706 850 4770 eit.
883 4702 1097 4793 impossihile
1119 4715 1171 4769 est
1221 4705 1338 4773 Roma.
1360 4709 1419 4790 xij.
1462 4705 1626 4773 Exhibete
1657 4727 1802 4794 corpora
1822 4719 1958 4784 vestra,
1990 4706 2135 4772 hostiam
2156 4703 2205 4769 vi·

192 4810 254 4856 san
303 4791 356 4855 ine
378 4804 551 4858 taurorum
572 4802 606 4858 et
628 4788 795 4859 hircorum
807 4786 932 4858 auferri
945 4801 1094 4878 peccata.
1111 4863 1112 4867 Ἰ
1127 4788 1171 4855 Et
1220 4804 1374 4873 nentem,
1406 4805 1578 4872 sanctam,
1611 4792 1737 4859 cultum
1763 4788 1970 4859 rationalem.
2025 4789 2203 4876 Significat

191 4894 294 4964 pauo
340 4888 395 4942 ost
415 4878 458 4944 de
482 4875 654 4943 voluntate
672 4875 807 4944 Christi.
852 4874 889 4942 ln
911 4898 976 4965 qua
998 4872 1171 4945 voluntate
1221 4893 1332 4944 autem
1354 4877 1468 4946 cultus
1487 4875 1673 4958 rationalis,
1695 4876 1874 4945 criminin
1896 4897 1964 4964 quo
1988 4871 2203 4963 Deus-intel-

191 4965 300 5030 sancti
326 4963 393 5030 ceti
429 4983 545 5030 sumus
601 4982 640 5029 er
671 4960 873 5030 oblationem
908 4983 949 5029 oo
1012 4965 1061 5030 rie
1092 4961 1170 5030 lesu
1221 4962 1354 5050 ligitur,
1385 4978 1497 5030 mente
1517 4963 1796 5049 apprehenditur,
1825 4975 1862 5030 vt
1883 4964 1922 5028 iit
1942 4963 1976 5028 iu
1997 4961 2144 5045 motibus
2165 4960 2204 5026 d·

192 5047 318 5116 Christi
340 5046 454 5116 semel.
498 5048 541 5114 Et
616 5049 691 5114 ales
719 5050 953 5134 interpretatur
986 5070 1102 5137 egem,
1134 5059 1171 5114 vt
1221 5050 1344 5128 moris,
1377 5060 1412 5115 ct
1444 5048 1587 5115 fiduciae
1613 5070 1697 5135 erga
1718 5049 1845 5116 ‘Deum
1889 5046 2078 5134 Opponitur
2102 5046 2204 5132 igitur

89 5184 120 5193 --
190 5135 338 5204 sciamus
366 5148 507 5201 mortem
534 5132 659 5200 Christi
687 5154 767 5200 vere
798 5153 876 5199 esse
904 5133 1170 5200 satisfactionem
1221 5155 1289 5202 non
1312 5131 1422 5201 solum
1441 5133 1543 5202 cultui
1564 5134 1732 5214 Leuitico,
1759 5134 1794 5201 in
1816 5155 1883 5222 quo
1991 5135 2054 5199 des
2075 5143 2204 5199 macta·

191 5223 429 5393 ltabgt
453 5219 596 5390 ”itit
617 5240 692 5370 :22¹¹
713 5220 1171 5392 idtllfflndtitttt
1222 5218 2205 5394 ith‘’0b⁶.tlbi·i““irbiita⁰⁸⁴mttt⁸3

436 5352 449 5385 2

191 3679 235 3745 ed
256 3699 319 3743 sua
342 3678 509 3744 domicilia
519 3689 673 3762 possunt.
706 3678 1011 3754 Dicebanturenim
1033 3680 1067 3745 in
