4756 6194
175 369 241 439 561
521 370 563 440 ll.
608 367 840 440 droconis
858 367 1178 437 conrrsstottts
1199 368 1518 440 AUGUSTANAE.
1550 369 1602 437 dl·
1646 368 1840 438 ursus.
2123 373 2194 442 562

177 558 246 626 Vbi
267 559 353 624 enim
375 556 532 645 leguntur
551 556 637 626 haec
658 562 692 625 in
712 554 911 642 scripturis?
937 553 1093 622 Christus
1115 557 1157 623 de
1208 557 1307 638 facit,
1333 569 1490 644 quantum
1516 557 1574 624 lex
1602 559 1749 645 requirit,
1794 555 1979 627 Ridiculum
2000 559 2102 647 igitur
2124 573 2192 644 est,

176 646 375 712 remissione
395 647 524 731 pcccati
545 643 702 732 loquitur,
723 664 799 710 cum
821 645 878 709 ait.
916 640 1157 727 Quidquidsol·
1209 645 1299 732 quod
1322 644 1452 730 lingunt
1472 664 1535 710 nos
1558 665 1610 710 am
1634 642 1700 711 lius
1716 640 1830 710 facere
1845 665 1956 728 posse.
1992 645 2190 732 Quanquam

177 732 347 809 ueritis³⁹)
376 743 437 797 etc·
472 751 538 835 quo
583 732 778 809 remissurn
805 729 940 796 sublata
972 739 1025 792 est
1063 748 1157 793 mors
1210 730 1298 796 enim
1321 742 1460 796 externa
1482 751 1585 816 opera
1607 667 1720 796 facere
1735 750 1926 813 possumus,
1949 751 2016 797 non
2034 733 2192 800 mandata

176 828 325 895 aeterna,
348 829 381 882 et
402 817 532 883 reddata
553 819 623 883 rita
643 829 792 885 aeterna.
836 815 954 902 Neque
974 812 1030 878 hic
1051 810 1157 898 loqui·
1208 813 1276 902 legi
1287 814 1363 894 Dei,
1386 829 1496 880 tamen
1517 813 1574 880 illa
1594 827 1647 882 εει
1667 836 1756 883 vana
1778 827 1811 880 et
1831 817 1930 900 impia
1944 816 2077 896 fiducia,
2099 820 2191 903 quod

178 912 232 969 tur
253 905 296 967 de
317 903 523 988 imponendis
544 904 674 987 poenis,
692 902 851 989 quidquid
872 898 1042 986 ligancris.
1088 900 1158 965 Sed
1209 899 1275 988 legi
1293 900 1358 967 Dei
1381 903 1424 966 sit
1445 899 1665 968 satisfactum.
1700 900 1743 967 Et
1764 922 1864 967 verae
1886 904 2067 980 orationes,
2089 924 2191 972 verae

178 988 220 1053 de
242 988 424 1054 retinendis
446 990 595 1074 peccatis
616 986 750 1055 illorum
779 989 836 1074 qui
863 1006 931 1051 non
960 999 1158 1053 conuertun·
1209 985 1441 1073 elemosynae,
1465 988 1689 1065 veraieiunm,
1710 985 1835 1053 hahent
1856 999 2036 1074 praecepta
2049 986 2124 1069 Dei,
2146 990 2191 1056 Et

178 1084 241 1140 tur.
285 1075 352 1138 Sed
385 1075 509 1140 dictum
536 1075 751 1161 Langobardi
784 1076 826 1139 de
851 1085 949 1156 parte
974 1091 1159 1158 poenarum
1209 1074 1265 1139 vbi
1286 1071 1411 1138 hahent
1432 1084 1644 1159 praeceptum
1665 1072 1740 1151 Dei,
1761 1094 1830 1138 non
1852 1088 1994 1159 possunt
2016 1075 2090 1140 sine
2111 1097 2189 1158 pec·

177 1160 383 1238 remittenda,
406 1173 573 1245 sumptum
584 1159 859 1227 cstaCanonicis
870 1159 997 1243 poenis.
1032 1157 1158 1223 Harum
1209 1171 1286 1229 cato
1308 1159 1424 1224 omitti.
1468 1157 1592 1224 Verum
1615 1156 1672 1223 illa
1695 1179 1798 1243 opera
1826 1171 1991 1246 quatenus
2014 1179 2080 1226 non
2110 1171 2189 1228 sunt

178 1257 305 1330 partam
325 1246 536 1311 remittebant
553 1260 718 1331 pastores.
752 1245 949 1330 Quanquam
967 1245 1066 1329 igitur
1081 1262 1158 1309 sen·
1207 1256 1388 1332 praecepta
1409 1243 1487 1330 lege
1507 1242 1585 1323 Dei,
1608 1245 1669 1310 scd
1690 1242 1815 1310 hahent
1837 1257 1961 1312 certam
1983 1242 2123 1312 formam
2144 1268 2188 1313 ex

179 1332 289 1401 timus.
303 1333 393 1416 quod
410 1332 619 1415 poenitencia
635 1332 876 1398 debeatbonos
892 1327 1021 1395 fructus
1061 1349 1158 1395 arere
1208 1333 1353 1399 hnmano
1375 1333 1597 1416 praescripto,
1619 1344 1697 1396 sunt
1718 1352 1822 1416 opera
1843 1334 2054 1397 traditionum
2076 1330 2188 1399 huma·

200 1429 314 1502 roptcr
336 1416 477 1504 gloriam
500 1430 532 1482 et
554 1419 742 1483 rmndatnm
759 1416 835 1482 Dei.
869 1415 913 1480 Et
931 1417 1008 1481 honi
1040 1428 1156 1482 ructus
1207 1439 1336 1496 narum,
1358 1418 1401 1486 da
1422 1417 1542 1504 quibus
1553 1415 1708 1483 Christus
1731 1417 1819 1496 dicit,
1838 1417 1978 1483 Frustra
1996 1414 2110 1483 colunt
2132 1439 2187 1486 me

224 1504 302 1568 hent
322 1502 480 1567 mandata
496 1501 571 1581 Dei,
593 1524 674 1569 vera
696 1504 829 1582 ieiunia,
850 1522 951 1569 verae
973 1503 1157 1580 orationes,
1207 1504 1371 1569 mundatis
1400 1504 1585 1580 hominum,
1612 1504 1760 1587 vicetia
1787 1504 1923 1580 ieiunia,
1947 1504 2096 1568 instituta
2117 1525 2186 1571 non

177 1609 278 1656 uerae
298 1584 512 1674 elemosynae
533 1600 595 1654 etc.
624 1601 734 1654 tamen
760 1589 828 1655 hoc
850 1608 1012 1673 nusquam
1035 1586 1157 1672 reperi·
1206 1590 1250 1654 ad
1271 1609 1406 1655 carnem
1429 1587 1689 1667 cohercendum,
1716 1590 1778 1653 sed
1806 1599 1844 1654 vt
1865 1590 1981 1675 perid
2003 1609 2089 1674 opus
2111 1591 2186 1655 red·

177 1695 251 1741 mus
264 1675 298 1737 in
312 1674 487 1759 scripturis
509 1676 647 1754 sanctis,
668 1677 756 1761 quod
779 1695 908 1760 poenae
919 1685 1077 1739 aeternae
1088 1691 1156 1737 non
1207 1676 1304 1740 datur
1332 1676 1442 1740 honos
1463 1673 1557 1755 Deo,
1591 1691 1627 1741 ιι
1652 1674 1698 1757 ait
1720 1673 1863 1752 Scotus,
1895 1687 1928 1740 et
1952 1687 2186 1760 compensetur

176 1763 387 1826 remittantur
416 1761 482 1825 nisi
512 1773 650 1865 propter
680 1781 819 1847 poenm
857 1759 1062 1846 purgatorij,
1098 1769 1157 1824 aut
1205 1779 1297 1825 mors
1318 1772 1466 1827 aeterna.
1500 1761 1580 1827 item
1596 1775 1709 1828 certus
1725 1779 1883 1826 numerus
1900 1781 2049 1846 precum,
2071 1771 2185 1827 certus

177 1844 425 1911 satisfactiones
458 1845 663 1925 Cenonrcas,
692 1847 760 1913 hoc
787 1857 858 1927 est,
894 1856 1032 1933 propter
1063 1856 1156 1910 certa
1205 1846 1325 1911 modus
1346 1844 1625 1933 elemosynarum,
1646 1848 1787 1913 comita
1807 1845 1900 1916 fiunt
1922 1857 1958 1911 vt
1979 1843 2185 1928 illemodus‚

200 1933 341 1997 uaedam
378 1952 482 2016 opera
514 1951 581 1997 non
613 1934 741 2013 dehita,
776 1944 833 1999 aut
871 1933 962 2018 qnod
1003 1941 1154 2015 potestas
1206 1932 1250 1997 sit
1272 1928 1379 1998 cultus
1400 1951 1443 1996 ex
1466 1953 1568 2018 opere
1586 1945 1737 2017 operato,
1762 1934 1908 1998 reddens
1924 1931 2087 1997 honorem
2098 1930 2187 2013 Deo,
2283 1966 2287 1975 ·

234 2020 320 2083 uium
342 2015 467 2083 haheat
488 2019 678 2084 mandatum
695 2019 918 2084 commutandi
935 2035 1076 2103 poenas,
1099 2025 1156 2080 ant
1205 2027 1240 2082 ct
1267 2036 1491 2103 compensans
1518 2030 1658 2085 mortem
1687 2029 1866 2085 aeternam.
1909 2017 2071 2083 Trihuunt
2097 2019 2184 2084 enirn

177 2116 305 2188 partem
337 2104 531 2169 remittendi.
576 2103 674 2175 Haec,
700 2105 877 2191 probanda
907 2114 1006 2169 amnt
1037 2103 1156 2168 aducr·
1205 2101 1260 2167 his
1281 2122 1325 2167 cx
1347 2124 1368 2167 o
1392 2121 1449 2169 ere
1478 2115 1617 2188 operato
1646 2104 1929 2182 satisfactionem,
1961 2105 2038 2191 quia
2061 2103 2185 2169 docent

177 2190 290 2273 sarijs.
1206 2189 1340 2274 qaodv
1376 2200 1453 2254 eant
1476 2190 1575 2254 etiam
1596 2190 1632 2255 in
1653 2187 1705 2255 his
1727 2192 1782 2276 qui
1804 2202 1883 2256 sunt
1898 2191 1932 2255 in
1946 2199 2087 2274 peceato
2098 2209 2185 2255 mor·
2262 2240 2271 2263 ,

264 2274 444 2341 Praeterea
475 2294 566 2340 mors
594 2272 720 2340 Christi
747 2295 814 2340 non
842 2286 896 2341 est
919 2270 1030 2340 solum
1057 2271 1157 2336 satis·
1205 2271 1276 2338 teli.
1319 2273 1388 2340 lam
1420 2271 1479 2339 illa
1505 2272 1639 2360 longius
1661 2277 1823 2341 recedunt
1847 2297 1869 2342 a
1896 2276 2085 2362 praeceptis
2106 2273 2183 2353 Dei,

177 2358 278 2426 factio
330 2381 369 2424 ro
397 2357 516 2444 culpa,
550 2362 611 2426 sed
643 2361 740 2427 etiam
772 2381 834 2444 pro
867 2371 1006 2427 aeterna
1038 2369 1157 2436 morte,
1249 2361 1504 2446 regrinationes‚
1527 2374 1559 2426 et
1575 2361 1693 2427 harum
1709 2384 1742 2426 m
1810 2373 1900 2427 aest
1916 2363 2075 2438 varietas,
2096 2359 2183 2426 alius

177 2449 268 2514 iuxta
290 2383 383 2512 illud.
427 2445 496 2510 liro
519 2465 610 2512 mors
631 2459 700 2524 tna,
724 2469 744 2511 o
767 2466 868 2512 mors.
913 2445 1001 2519 Quid
1023 2457 1076 2509 est
1097 2443 1157 2531 igt-
1206 2378 1286 2511 ffclt
1308 2448 1369 2511 iter
1386 2459 1461 2511 cata
1484 2443 1636 2525 hractus,
1657 2445 1743 2514 alius
1774 2448 1840 2513 acit
1852 2449 1913 2512 iter
1923 2448 2021 2513 nudis
2031 2447 2185 2532 pedihus.

177 2545 231 2599 tur
252 2532 404 2610 monstri,
427 2531 551 2611 dicere,
572 2535 662 2618 quod
674 2532 798 2598 Christi
815 2529 1001 2598 satisfactio
1019 2529 1158 2594 redimat
1207 2532 1299 2599 Haec
1331 2544 1434 2598 vocat
1495 2532 1620 2598 hristus
1652 2530 1785 2599 inutiles
1818 2530 1947 2611 cultus,
1980 2552 2085 2618 qnare
2116 2552 2185 2601 non

87 2637 90 2647 ·
178 2615 322 2704 culpam.
364 2617 511 2683 Nostrae
538 2638 667 2703 poenae
694 2619 858 2685 redimant
884 2628 1023 2684 mortem
1048 2628 1158 2680 aeter·
1230 2628 1348 2683 rosunt
1369 2618 1412 2682 ad
1457 2614 1633 2683 locandam
1655 2617 1817 2685 offensam
1838 2618 1920 2697 Dei,
1941 2629 1978 2684 ιι
1998 2614 2213 2703 aduersarij'

176 2725 272 2783 nam,
298 2715 335 2769 vt
357 2702 421 2768 iam
442 2701 506 2768 illa·
521 2724 605 2783 vox,
634 2703 703 2770 Ero
726 2724 816 2770 mors
838 2716 913 2784 tua,
938 2699 1080 2788 intelligi
1102 2703 1158 2767 de·
1205 2638 1397 2789 loquuntur.
1471 2714 1616 2769 ttamen
1638 2703 1722 2771 haec
1744 2724 1848 2788 opera
1874 2702 2060 2810 magnificis
2081 2701 2184 2768 titulis

178 2790 273 2867 beat,
301 2809 370 2855 non
393 2790 435 2855 de
456 2787 607 2869 Christo,
628 2791 691 2856 sed
712 2792 755 2856 de
776 2790 902 2855 ιιοειιίε
924 2789 1103 2875 operibus,
1123 2797 1158 2852 et
1206 2799 1378 2866 ornantur,
1400 2801 1563 2855 vocantur
1584 2810 1688 2874 opera
1708 2790 2026 2877 supererogationis.
2058 2788 2186 2854 Trihni·

202 2876 312 2940 uidem
334 2893 402 2941 non
424 2875 467 2941 de
487 2876 647 2962 operibus
669 2897 690 2941 a
711 2876 787 2942 Deo
809 2876 1009 2960 praeceptis,
1031 2874 1093 2939 sed
1115 2873 1159 2939 de
1206 2884 1261 2941 tur
1282 2876 1332 2941 eis
1354 2872 1478 2954 honos,
1498 2874 1588 2960 quod
1606 2878 1673 2940 sint
1683 2877 1830 2960 precium
1846 2896 1908 2960 pro
1919 2886 2026 2940 morte
2036 2885 2184 2951 aeterna.

177 2895 1158 3114 ittnn¹tcantmnmmct
1206 2956 1528 3112 ttctttms
1550 2962 2010 3113 ntttnnsemt
2025 2958 2101 3110 tc·
2131 2958 2187 3111 t:

178 3133 262 3200 liunt
290 3133 324 3198 in
352 3145 492 3218 peccato
520 3130 663 3199 mortali.
707 3130 905 3200 incredibile
931 3091 1004 3209 ἐει,
1034 3139 1158 3216 quanto
1207 3142 1343 3218 putatur
1370 3131 1438 3218 legi
1463 3130 1529 3198 Dei
1555 3133 1765 3199 satisfactum
1787 3151 1890 3221 esse,
1909 3151 1970 3216 per
1992 3066 2131 3196 eitternh¹
2153 3139 2188 3196 et

179 3215 395 3285 cumdolore
419 3217 482 3284 has
509 3220 649 3303 ineptias
671 3219 941 3285 aduersariorum
969 3216 1160 3295 recitemus,
1207 3215 1318 3283 ciuilia
1335 3237 1450 3301 opera,
1471 3229 1504 3285 at
1521 3219 1599 3304 quia
1614 3220 1783 3285 adduntur
1798 3216 1994 3282 traditiones
2010 3216 2188 3296 humanae,

203 3324 263 3370 uas
286 3305 341 3391 qui
363 3306 531 3389 expendit,
551 3325 620 3371 non
639 3317 752 3390 potest
770 3324 840 3370 non
861 3321 1063 3369 succensere
1084 3302 1158 3366 istis
1230 3324 1347 3369 uarum
1369 3324 1474 3388 opera
1493 3300 1726 3388 praeferuntur
1747 3303 1902 3388 operibus
1929 3299 2016 3391 legis
2044 3303 2186 3369 diuinae.

178 3325 341 3456 locuinis
368 3391 636 3470 daemoniorum,
670 3410 754 3477 quas
787 3391 913 3474 sparsit
945 3390 980 3454 in
1005 3383 1160 3454 Ecclesia
1243 3389 1340 3479 einde
1377 3390 1580 3456 obscuratur
1614 3390 1825 3477 poenitencia
1862 3400 1897 3454 et
1934 3387 2052 3474 gratia.
2101 3387 2189 3454 Nam

178 3475 346 3555 diabolus,
367 3488 403 3542 ιι
426 3477 628 3561 opprimeret
644 3478 869 3563 cognitionem
885 3475 984 3562 legis,
1005 3471 1160 3539 etEuan·
1209 3493 1301 3541 mors
1336 3486 1478 3551 aeterna
1517 3497 1584 3542 non
1617 3477 1789 3543 redimitur
1821 3471 1881 3540 illa
1916 3472 2190 3558 compensatione

205 3560 534 3648 eiij,·pnenitenciae,
552 3573 586 3628 et
601 3563 848 3639 vindicationis,
865 3573 900 3627 et
922 3559 1159 3628 beneficiorum
1208 3579 1356 3645 opernm,
1369 3562 1447 3647 quia
1468 3572 1521 3626 est
1542 3562 1669 3641 ociosa,
1690 3582 1755 3626 nec
1771 3561 1928 3645 degustat
1945 3558 1979 3623 in
1995 3559 2188 3643 praesentia

180 3582 315 3713 hanso.
347 3646 432 3713 Nam
455 3649 497 3712 de
518 3646 595 3735 lege
616 3650 667 3715 sic
688 3650 814 3727 dicunt,
835 3646 931 3714 Deus
954 3648 1160 3713 condescen·
1208 3658 1360 3712 mortem.
1400 3644 1477 3711 Alia
1499 3666 1554 3712 res
1576 3646 1774 3796 opponenda
1796 3656 1849 3710 est
1870 3645 1967 3708 morti
1986 3663 2061 3710 cum
2081 3653 2188 3710 tentat

180 3734 263 3799 dens
280 3744 417 3798 nostrae
432 3732 623 3814 infirmitati,
645 3737 815 3801 consdtnit
832 3733 955 3799 homini
971 3750 1161 3797 mensuram
1208 3753 1284 3797 nos.
1318 3732 1411 3797 Sicut
1432 3733 1519 3796 enim
1541 3733 1591 3797 ira
1647 3732 1677 3796 ei
1700 3729 1765 3795 fide
1787 3731 1821 3794 in
1842 3726 2012 3796 Christum
2034 3730 2189 3812 uincitur,

180 3838 295 3884 eorum
322 3819 366 3883 ad
395 3840 481 3904 qnae
507 3819 549 3883 de
575 3822 781 3885 necessitate
808 3831 956 3898 tenetur,
1011 3837 1075 3883 uae
1107 3825 1161 3881 est
1208 3819 1265 3882 ita.
1285 3817 1429 3882 vincitur
1457 3836 1548 3882 mors
1575 3815 1642 3883 fide
1669 3817 1703 3881 in
1725 3813 1911 3887 Christum,
1945 3814 2040 3881 Sicut
2061 3813 2188 3881 Paulus

181 3904 375 3975 obseruatio
397 3915 663 3989 praeceptorum,
684 3917 722 3969 vt
743 3906 786 3969 de
808 3903 987 3989 reliquo,i
1032 3915 1096 3980 est,
1118 3902 1161 3965 de
1209 3903 1266 3968 ait
1310 3900 1385 3968 Deo
1409 3903 1533 3988 qratia,
1561 3903 1616 3988 qui
1645 3904 1702 3967 dat
1723 3903 1822 3966 nobis
1842 3900 2015 3967 victoriam
2037 3921 2099 3986 per
2120 3901 2189 3967 Do·

181 3991 340 4075 operibus
357 3990 662 4074 supererogationis
680 3991 789 4075 possit
802 3986 1000 4053 satisfacere
1017 3989 1160 4051 decom·
1210 3989 1331 4054 minum
1357 4000 1507 4053 nostrum
1530 3987 1638 4053 lesum
1660 3988 1846 4066 Christum,
1876 4006 1944 4050 non
1973 3987 2096 4071 inquit,
2129 3988 2187 4073 qui

180 4076 303 4141 missis.
347 4073 410 4140 Hic
431 4074 561 4160 lingunt
581 4072 732 4142 homines
754 4072 863 4161 legem
886 4072 951 4139 Dei
980 4074 1025 4136 ita
1047 4070 1162 4137 facere
1210 4074 1267 4140 dut
1284 4073 1382 4138 nobis
1405 4075 1587 4155 victoriam,
1609 4076 1638 4140 si
1647 4074 1813 4141 aduersus
1830 4084 1971 4138 mortem
1981 4092 2188 4156 opponamus
2221 4139 2225 4148 ,

181 4181 294 4247 posse,
300 4170 354 4310 Αιῖ
374 4157 451 4266 plus
474 4162 585 4311 etitem,
606 4182 704 4312 qtpam
723 4161 778 4226 lex
775 4161 899 4313 18ειιίςίὶι
914 4158 1030 4310 factare
1051 4157 1161 4309 pptssl·
1211 4158 1459 4310 patisfacppoptep
1480 4172 1624 4310 posttea.
1660 4159 2013 4306 flduersarijlociosas
2034 4154 2191 4307 ⁸⁹⁰5⁰J¹⁸}

181 4267 331 4400 hubhl’mus
346 4268 406 4398 Ἥ
422 4265 514 4398 ¹⁵fllfap
529 4267 774 4417 hhlltevctlghg,c
788 4267 888 4419 qhntfnl
911 4264 982 4396 lh}
1013 4262 1161 4416 rhquflnf
1224 4264 1434 4397 Ιιῗῖιὶιθιιεοιίοὸἰιι
1455 4266 1801 4415 ξεωὶξείιξιῗῗῑίἷὲἓ,
1817 4262 2061 4394 lihgfelhrngtfr
2075 4264 2189 4427 hblfa

182 4419 250 4485 Sed
272 4419 328 4484 isti
349 4417 479 4504 fingunt
500 4418 609 4506 legem
628 4418 692 4485 Dei
715 4430 904 4485 contentam
927 4435 1006 4483 esse
1024 4428 1162 4480 externa
1246 4417 1294 4494 ci,
1326 4429 1361 4482 et
1387 4439 1408 4484 a
1430 4429 1535 4483 morte
1556 4428 1709 4496 aeterna,
1742 4414 1927 4500 perfidem
1954 4414 1986 4476 in
2009 4411 2188 4479 Christum.

181 4517 216 4573 et
238 4502 326 4571 ciuili
348 4505 497 4584 iusticia,
526 4527 593 4570 non
621 4507 735 4571 vident
755 4525 830 4570 eam
851 4505 1021 4590 requirere
1046 4520 1161 4566 veram
1212 4500 1296 4568 Cum
1322 4504 1423 4589 igitur
1449 4523 1539 4568 mors
1562 4502 1686 4568 Christi
1715 4503 1760 4567 sit
1781 4496 1967 4567 satisfactio
1990 4518 2053 4583 pro
2082 4512 2190 4564 morte

182 4590 392 4658 dilectionem
414 4588 477 4655 Dei
500 4611 542 4656 ex
564 4603 635 4657 toto
659 4592 773 4670 corde,
795 4602 859 4656 etc.
878 4591 1037 4655 damnare
1058 4598 1162 4651 totam
1212 4599 1360 4669 aeterna,
1383 4600 1417 4655 et
1439 4610 1514 4656 cum
1535 4590 1599 4672 ipsi
1621 4588 1804 4669 aduersarij
1828 4583 1994 4650 fateantur
2010 4583 2069 4649 illa
2087 4604 2192 4670 opera

183 4677 487 4760 concupiscentiam
519 4677 554 4741 in
586 4688 715 4744 natura.
764 4678 879 4763 ltaque
912 4693 1009 4741 nemo
1036 4683 1163 4739 tantum
1212 4672 1474 4742 satisfactionum
1500 4694 1579 4740 esse
1609 4695 1712 4760 opera
1738 4693 1806 4739 non
1836 4672 1964 4750 debita,
1998 4672 2059 4735 sed
2087 4689 2191 4755 opera

1211 4762 1422 4827 traditionum
1442 4757 1670 4837 hunrmmnm,
1692 4761 1734 4824 de
1755 4759 1875 4843 quihus
1898 4754 2052 4822 Christus
2073 4757 2190 4842 inquit,

250 4857 499 4913 compeccantem
520 4853 660 4912 genitam
684 4863 757 4907 0³³0·
779 4864 825 4899 εει
855 4849 936 4912 graus
959 4853 1066 4912 emitur
1086 4845 1162 4896 ⁰¹¹st-
1212 4848 1302 4930 quod
1324 4848 1391 4911 sint
1413 4844 1545 4911 inutiles
1568 4843 1693 4923 cultus,
1716 4856 1787 4910 tuto
1809 4861 1987 4928 possumus
2008 4838 2188 4912 affirmare,

251 4913 1162 5052 3ζέῗῇἘὲᾞθὲῐὲξᾞωίᾞᾶᾛζζξὲὴ,Εζοξῑᾙ
1212 4933 1301 5016 quod
1333 4932 1582 4999 satisfactiones
1614 4930 1805 4996 canonicae
1836 4948 1904 4994 non
1932 4929 1999 4993 sint
2032 4945 2189 4992 neeessa-

251 5056 366 5121 ponendi
384 5069 492 5119 poenus,
508 5065 536 5105 ρ,
552 5070 635 5107 nom
653 5057 733 5121 tages,
750 5063 909 5122 mm„
920 5068 1062 5120 mm
1078 5054 1163 5120 mo,
1212 5020 1336 5097 riac⁶¹)
1366 5021 1441 5086 lure
1473 5019 1601 5101 diuino,
1639 5018 1682 5082 ad
1716 5015 1959 5118 remissionem„
1977 5010 2096 5100 culpae
2131 5023 2192 5077 aut

251 5126 331 5176 nendi
347 5132 422 5191 purte
438 5125 555 5178 reniae
1212 5124 1342 5190 poenae
1362 5118 1530 5184 aeternae,
1546 5114 1605 5170 aut
1624 5122 1753 5190 poenae
1775 5110 1972 5189 purgatorq.

182 5210 231 5278 ts)
249 5211 391 5279 colueritis]
409 5212 490 5262 Editt.
509 5212 602 5262 2-4.=
618 5210 729 5262 solueria

182 5294 232 5365 80)
244 5298 371 5365 semino]
390 5295 442 5351 tta.
460 5301 485 5347 4.
503 5306 565 5367 typ-
575 5313 641 5350 aare
658 5295 766 5348 renisio
1210 5293 1260 5362 at)
1276 5294 1452 5365 carmadas]
1470 5293 1519 5347 Ed.
1536 5293 1576 5345 3.ι
1593 5291 1741 5344 necessaria

389 5414 539 5462 fflfflll.
551 5414 635 5460 om.
647 5412 714 5460 Υθῐι.
724 5412 818 5458 mli.
1946 5389 1982 5441 8⁸
