4756 6194
176 348 244 421 mo
526 330 582 424 n'
610 350 842 425 arctoum
863 342 1187 426 consessionis
1204 352 1521 426 soensmaau
1564 354 1605 422 a.
1649 352 1842 422 aarum
2124 353 2192 421 aaa
2323 334 2339 393 ·'

183 544 355 631 potionem
373 548 576 609 sauctorum.
609 544 652 610 Et
674 544 873 611 addiderunt
892 542 1030 631 longam
1052 541 1164 612 deela-
1211 545 1303 610 iubet
1313 563 1378 610 nos
1391 546 1539 619 credere,
1560 544 1651 630 qaod
1661 544 1704 609 sit
1715 553 1835 608 sancta
1847 539 2013 608 catholica
2023 538 2179 609 Ecclesia

179 630 380 709 strationem,
410 630 501 779 puod
528 628 607 696 mali
628 651 696 695 non
718 631 785 695 sint
805 632 848 735 ab
870 627 1026 733 Ecclesia
1047 649 1162 716 segre·
1212 628 1305 736 impij
1335 650 1417 696 vero
1444 650 1513 696 non
1540 641 1619 735 sunt
1645 639 1765 694 sancta
1786 624 1958 706 Ecclesia,
1988 628 2032 692 Et
2058 628 2190 732 uidetur

206 715 298 796 andi,
318 734 393 780 cum
428 715 580 782 ohannes
597 714 1163 802 comparauentEcclesramareae,
1212 715 1360 781 additum
1386 717 1477 801 quod
1504 735 1522 778 s
1566 727 1672 795 uitur,
1700 725 1893 780 sanctorum
1920 733 2125 793 communio,
2153 724 2190 780 vt

180 872 226 951 Et
237 821 312 951 pua
339 802 484 867 triticum
514 811 547 866 et
572 799 691 885 paleae
717 799 817 867 simul
850 813 1052 866 coaceruata
1083 803 1162 866 sint.
1212 811 1435 885 exponeretur
1451 799 1709 888 quidsgnihcet
1720 797 1886 879 Ecclesia,
1909 817 2029 883 nempe
2050 818 2191 884 congre·

264 886 392 951 hristus
404 887 650 970 comparauerit
660 905 735 950 eam
745 883 899 973 lagenae,
922 887 955 952 in
973 906 1039 973 qua
1050 887 1162 972 pisces
1212 888 1379 973 gerionem
1402 897 1607 968 sanctorum,
1629 886 1685 972 qui
1698 885 1920 952 habentinter
1933 885 2190 963 sesocietatem,

180 973 263 1039 honi
285 985 319 1037 et
339 969 418 1037 urali
439 981 517 1036 suut
538 982 605 1038 ete.
655 968 813 1037 Profecto
836 990 951 1038 verum
973 984 1042 1050 est,
1071 973 1163 1058 quod
1213 973 1364 1037 eiusdem
1383 970 1579 1059 Euangelij,
1600 993 1662 1038 seu
1684 971 1875 1048 doctrinae,
1897 984 1933 1037 et
1952 971 2100 1036 eiusdem
2122 969 2190 1054 spi·

180 1059 287 1136 alunt,
309 1055 446 1122 Nullum
467 1056 646 1122 remedium
657 1076 736 1147 esse
746 1057 913 1124 adudisus
924 1058 1163 1144 sycophantae
1185 1064 1190 1159 ξ
1212 1060 1296 1123 ritus
1318 1059 1445 1136 sancti,
1490 1058 1525 1123 ui
1546 1059 1651 1125 corda
1673 1076 1790 1123 eorum
1810 1068 1969 1135 renouat,
1991 1052 2191 1135 sanctificat,

181 1144 342 1208 morsum.
386 1140 478 1207 Nihil
499 1154 568 1207 tam
599 1142 742 1208 circnma
788 1154 841 1208 cte
871 1143 937 1208 dici
965 1152 1097 1227 potest,
1126 1154 1163 1209 vt
1213 1153 1248 1207 et
1269 1144 1446 1228 gubernat.
1509 1142 1599 1209 thie
1621 1139 1782 1209 animulas
1806 1143 2000 1207 neccssaria
2022 1141 2065 1206 de
2087 1159 2191 1207 causa

184 1226 385 1294 calumniam
422 1228 550 1293 euitare
583 1240 693 1313 queat
781 1248 821 1293 os
855 1230 900 1293 oh
933 1229 1022 1295 hanc
1054 1230 1163 1314 ipsam
1211 1229 1407 1317 propositus
1430 1240 1498 1307 est,
1524 1228 1655 1294 infinita
1681 1226 1830 1314 pericula
1850 1228 2002 1293 videmus
2025 1246 2111 1313 qnae
2131 1227 2191 1292 mi-

184 1333 321 1380 causam
343 1313 526 1378 adiecimus
548 1324 706 1379 octauum
727 1309 915 1393 articulum,
935 1333 980 1379 ue
1001 1316 1076 1398 quis
1095 1313 1162 1380 exi·
1211 1325 1334 1379 uantur
1354 1311 1532 1383 Ecclesiae
1553 1315 1731 1379 interitum.
1775 1312 1906 1379 infinita
1933 1311 2109 1378 multitudo
2137 1323 2190 1378 est

184 1399 333 1463 stimaret
353 1418 417 1464 nos
439 1418 478 1462 se
503 1419 539 1464 re
565 1417 623 1462 are
643 1394 752 1462 mulos
773 1409 808 1462 et
829 1397 1024 1485 hypocritas
1043 1401 1086 1464 ab
1104 1420 1161 1465 ex·
1185 1394 1190 1463 l
1211 1400 1385 1484 impiorum
1418 1400 1453 1464 iu
1487 1401 1561 1486 ipsa
1589 1397 1761 1478 Ecclesia,
1793 1402 1850 1486 qui
1883 1399 2072 1483 opprimunt
2103 1416 2189 1464 eam

184 1495 280 1549 terna
301 1483 465 1549 societate
516 1419 673 1559 ccglesiaa
695 1495 753 1548 ant
774 1484 919 1550 adimere
942 1486 1162 1550 sacrmnentis
1184 1474 1190 1609 p
1212 1484 1623 1570 ltaqucnedesperemus,
1644 1487 1706 1550 sed
1723 1486 1868 1552 sciamus
1879 1480 2069 1551 Ecclesiam
2079 1494 2191 1548 tamen

184 1566 371 1634 efficaciam
393 1587 482 1655 quae
501 1589 564 1654 per
583 1569 795 1654 hypocritae,
817 1580 874 1634 aut
896 1567 1004 1635 malos
1025 1570 1162 1636 admini-
1212 1590 1405 1636 mansuram
1422 1590 1510 1636 esse.
1545 1573 1637 1649 item,
1658 1583 1695 1635 vt
1716 1572 1873 1648 sciamus,
1895 1569 2047 1655 quamuis
2068 1589 2191 1655 magna

185 1666 348 1720 strantur.
381 1654 495 1739 ltaque
517 1653 573 1719 hic
594 1672 661 1718 uon
683 1667 737 1719 est
755 1674 840 1740 opus
852 1652 955 1740 longa
967 1653 1163 1721 defensione
1212 1651 1387 1722 multitudo
1408 1657 1452 1721 sit
1472 1658 1663 1741 impiorum,
1690 1668 1801 1721 tamen
1823 1653 2012 1722 Ecclesiam
2034 1654 2190 1735 existere,

184 1741 350 1804 aduersus
371 1737 462 1805 hanc
483 1738 692 1805 calumniam.
742 1739 834 1806 Satis
856 1753 1066 1891 nosdpurgat
1087 1744 1164 1807 arti-
1214 1752 1248 1806 et
1264 1739 1432 1806 Christum
1453 1738 1629 1828 praestare
1650 1739 1708 1805 illa
1729 1761 1817 1828 quae
1838 1740 1989 1827 promisit
1999 1737 2189 1821 Ecclesiae,

185 1822 283 1892 culus
304 1836 457 1890 octauus.
501 1823 726 1891 &caedimus
748 1828 834 1892 enim
856 1847 923 1912 quo
969 1823 1165 1914 hypocritae
1213 1827 1381 1893 remittere
1401 1840 1554 1916 peccata,
1577 1828 1746 1906 exaudire,
1771 1825 2014 1912 daresplritum
2027 1837 2190 1891 sanctum.

186 1921 221 1976 et
243 1907 322 1975 mali
342 1912 377 1974 in
400 1910 466 1975 hac
487 1911 557 1976 vita
576 1912 644 1975 sint
665 1911 801 1976 admixti
821 1909 1012 1990 Ecclesiae,
1039 1925 1073 1977 et
1097 1914 1165 1978 sint
1213 1916 1286 1981 llas
1309 1910 1558 1979 consolationes
1579 1914 1733 1998 proponit
1756 1912 1855 1977 nohis
1882 1909 2044 1977 articulus
2073 1908 2131 1975 ille
2158 1912 2193 1977 in
2311 1930 2343 1955 ⁴

187 1997 337 2061 membra
357 1993 534 2061 Ecclesiae
555 1998 737 2062 secundum
769 2008 940 2063 externam
968 1999 1165 2065 societatem
1214 1997 1389 2064 Embolo.
1432 1997 1476 2064 Et
1505 1997 1704 2064 catholicam
1726 1996 1918 2063 Ecclesiam
1943 1997 2045 2077 dicit,
2072 2017 2117 2062 ne
2144 1998 2193 2062 in·

187 2083 361 2168 signorum
378 2079 566 2161 Ecclesiae,
591 2079 659 2146 hoc
680 2093 733 2147 est
750 2083 857 2162 verbi,
878 2080 1108 2167 professionis,
1130 2096 1165 2149 et
1214 2095 1228 2149 t
1275 2085 1407 2171 'gamus
1426 2082 1614 2152 Ecclesiam
1636 2104 1715 2149 osse
1743 2079 1890 2168 politiam
1920 2093 2089 2149 externam
2119 2102 2191 2147 cer·

186 2179 487 2246 sacramentorum,
510 2168 708 2252 praesertim
731 2169 760 2232 si
780 2189 848 2235 non
866 2171 1165 2236 sintexcornmoni·
1214 2178 1322 2235 tarum
1344 2171 1508 2256 gentium,
1542 2169 1612 2234 Sed
1641 2170 1751 2254 magis
1780 2169 1933 2234 homines
1961 2186 2102 2253 sparsos
2129 2187 2191 2251 per

187 2254 266 2331 ceti,
287 2253 360 2318 Nec
380 2265 590 2317 sacramenta
611 2254 687 2318 ideo
708 2273 775 2318 non
796 2267 875 2319 sunt
895 2251 1066 2333 efficacia,
1085 2258 1166 2341 quia
1214 2264 1320 2321 totum
1348 2256 1480 2334 orbem,
1536 2256 1570 2320 ui
1599 2255 1641 2319 de
1668 2251 1853 2340 Euangelio
1881 2252 2120 2331 conseminat,
2155 2264 2191 2318 et

185 2356 248 2424 per
268 2334 377 2404 malos
400 2349 601 2415 tractantur,
627 2338 696 2402 imo
724 2351 818 2405 recte
837 2341 884 2404 vti
906 2359 1087 2425 possumus
1109 2362 1165 2407 sa·
1213 2338 1489 2406 habenteundem
1500 2276 1681 2418 (liristum,
1702 2341 1845 2405 eundem
1863 2339 2191 2424 spiritumsauctnm,

186 2425 385 2502 mamantis,
413 2441 500 2508 quae
527 2444 590 2508 per
615 2421 725 2490 malos
754 2426 1034 2493 administrantur.
1078 2426 1165 2492 Nam
1214 2437 1249 2491 et
1270 2427 1386 2493 eadem
1408 2437 1634 2503 sacramenta,
1665 2427 1737 2490 siue
1764 2426 1910 2491 habeant
1931 2424 2068 2489 easdem
2090 2424 2191 2489 tradi·

186 2518 222 2591 et
242 2509 369 2575 Paulus
413 2509 551 2574 raedicit
571 2507 729 2589 futurum,
750 2522 787 2576 vt
797 2511 1025 2578 Antichristus
1047 2513 1165 2577 sedeat
1214 2512 1324 2577 tiones
1353 2512 1514 2577 humanas
1520 2556 1533 2589 ,
1565 2513 1638 2576 siue
1664 2508 1856 2576 dissimiles.
1910 2508 1954 2575 Et
1979 2510 2014 2574 in
2034 2510 2192 2576 Decretis

126 2650 131 2659 .
186 2594 221 2660 in
243 2592 368 2679 templo
389 2531 473 2672 liei,
496 2592 562 2660 hoc
583 2606 653 2673 est,
674 2598 707 2661 in
729 2594 883 2662 Ecclesia
904 2599 1110 2677 dominetur,
1130 2608 1165 2662 et
1213 2597 1318 2683 inquit
1328 2594 1441 2683 glosa,
1459 2594 1881 2683 Ecclesiamlargedictam
1896 2592 2070 2678 complecti
2083 2596 2192 2661 bonos

187 2691 285 2767 gerat
302 2678 426 2746 officia.
460 2679 507 2743 At
517 2677 685 2760 Ecclesia,
706 2702 775 2747 non
797 2696 849 2748 est
870 2694 997 2750 tantum
1016 2684 1163 2748 societas
1215 2692 1248 2747 et
1268 2682 1384 2748 malos.
1430 2685 1512 2748 ltcm
1540 2679 1649 2749 malos
1677 2683 1809 2747 nomine
1831 2693 1956 2749 tantum
1979 2683 2012 2745 in
2033 2677 2191 2746 Ecclesia

186 2776 399 2832 externarum
420 2783 531 2830 rerum
553 2787 595 2832 ac
622 2767 759 2846 rituum,
788 2769 876 2835 sicut
902 2768 992 2834 aliae
1017 2763 1164 2855 politiae,
1215 2786 1304 2847 csse,
1326 2788 1395 2834 non
1416 2787 1466 2848 re,
1489 2770 1598 2835 honos
1619 2788 1702 2835 vero
1723 2788 1761 2831 re
1781 2767 1971 2833 etnomine.
2004 2764 2191 2831 Etiahanc

186 2850 258 2916 Sed
279 2848 509 2935 principaliter
527 2861 582 2915 ost
601 2854 749 2918 sociatas
760 2852 1032 2941 lideietaplritua
1043 2856 1164 2933 sancti,
1214 2856 1420 2920 sentenciam
1440 2852 1544 2920 multa
1565 2853 1598 2919 le
1645 2863 1729 2945 ntur
1742 2856 1832 2938 apud
1854 2853 1986 2919 Patres.
2025 2850 2190 2939 lllerony·

185 2937 221 3002 in
243 2936 531 3021 cordibus‚.'.-quae
552 2949 663 3003 tamen
684 2937 786 3004 hahet
807 2952 966 3006 externas
988 2951 1106 3019 notas,
1126 2951 1164 3006 ut
1213 2959 1288 3005 mus
1321 2940 1408 3005 anim
1440 2940 1496 3005 ait.
1551 2939 1605 3015 Qu
1645 2958 1728 3025 ergo
1750 2943 1796 3018 ⁶¹)
1846 2948 1981 3003 eccator
2001 2946 2056 3001 est
2076 2934 2190 3022 aliqua

185 3022 467 3173 Wll'ffi’,
482 3019 767 3171 vgdffioe‘prmm
777 3022 952 3173 Euangelij
966 3026 1163 3103 doctrinam,
1213 3025 1316 3090 sorde
1343 3021 1634 3177 mapulatrbsfiddp)
1651 3022 1806 3176 Eoplpppa
1851 3022 1951 3173 (pripti
1980 3041 2049 3087 nou
2077 3032 2191 3107 potest

185 3127 371 3279 Euhnffillr
399 3128 544 3258 (lhrllstll
578 3112 1164 3262 Etthenclelllgcrlle'llgolllfftdltlllull
1212 3107 1496 3282 appegplrppqrpeacm
1520 3128 1839 3283 igitlrrhsyuptlcrillase
1861 3129 1994 3260 etelmali
2014 3193 2083 3257 sint
2103 3193 2188 3278 socij

186 3294 311 3362 corpus
333 3276 482 3350 Christi,
521 3279 586 3342 uod
608 3277 765 3345 Christus
787 3281 906 3364 spiritu
926 3300 991 3347 suo
1012 3293 1164 3362 renouat,
1212 3280 1312 3348 huius
1343 3301 1446 3348 verae
1478 3281 1653 3348 Ecclesiae
1685 3281 1869 3347 secundum
1903 3291 2061 3345 externos
2093 3278 2190 3357 ritus,

185 3363 386 3442 sanctificat,
407 3375 442 3429 et
464 3300 642 3448 galerum,
665 3375 701 3430 vt
717 3375 862 3431 testatur
872 3365 1040 3433 PaulusE
1063 3365 1117 3433 he.
1133 3370 1162 3433 l.
1212 3377 1418 3434 tamencum
1439 3367 1594 3434 delinitur
1606 3365 1781 3450 Ecclesia,
1800 3384 1944 3431 necesse
1966 3377 2018 3432 est
2040 3384 2113 3429 eam
2137 3365 2190 3428 de·

184 3468 262 3516 cum
283 3452 340 3515 ait.
372 3446 416 3514 Et
436 3449 545 3536 ipsum
566 3449 656 3514 dedit
678 3456 1024 3539 caputsuparomnia,
1040 3389 1163 3520 locla
1212 3451 1318 3532 finiri,
1339 3472 1426 3538 quaa
1439 3464 1500 3519 est
1520 3457 1632 3521 viuum
1655 3472 1780 3538 corpus
1801 3451 1946 3531 Christi,
1974 3450 2075 3527 ltem,
2103 3467 2191 3533 quae

185 3537 258 3600 siae
276 3554 364 3622 quae
387 3545 440 3600 cst
461 3554 584 3621 corpus
605 3534 696 3612 eius,
717 3533 892 3617 videlicet,
913 3540 1108 3627 integritas,
1128 3539 1163 3605 id
1213 3551 1265 3603 est
1287 3541 1420 3605 nomine
1441 3550 1474 3604 et
1495 3559 1533 3604 re
1553 3536 1719 3616 Ecclesia,
1743 3537 1787 3601 Et
1808 3534 2033 3603 multae'sunt
2055 3552 2190 3598 causae.
2226 3615 2228 3619 ἢ

184 3631 253 3700 est,
280 3632 351 3686 tota
372 3621 590 3708 congregatio
612 3622 719 3706 ipsius
741 3623 798 3708 qui
820 3624 931 3688 omnia
952 3626 986 3689 in
1009 3626 1162 3690 omnihus
1213 3623 1365 3689 Necesse
1391 3636 1443 3689 est
1470 3626 1557 3690 euim
1585 3622 1724 3708 intelligi
1757 3642 1845 3706 quae
1877 3639 1933 3684 res
1964 3616 2192 3768 principaliter

184 3706 325 3793 perficit.
369 3705 481 3779 Quare
508 3703 556 3771 illi
586 3707 770 3809 inquibus
798 3708 971 3796 nihilagit
993 3709 1162 3788 Christus,
1213 3706 1338 3775 efficiat
1361 3728 1430 3793 nos
1458 3712 1624 3786 membra,
1658 3720 1692 3772 et
1724 3708 1801 3771 viua
1831 3709 1977 3770 membra
2003 3704 2073 3770 Ecc
2087 3705 2189 3770 asiae.

183 3802 355 3896 uonqsunt
375 3793 523 3856 membra
545 3789 679 3856 Christi.
732 3791 834 3878 idque
866 3792 1013 3861 latentur
1043 3797 1162 3860 aduer·
1184 3811 1192 3905 Ι
1214 3794 1251 3859 Si
1272 3791 1462 3860 Ecclesiam
1483 3805 1609 3859 tantum
1632 3792 2019 3897 definiemusexternam
2086 3788 2191 3855 litium

185 3873 2190 4051 tremuiuuanutmuhtuuptm1uiuamtsuumneutitianum

183 4067 272 4134 quae
293 4046 336 4110 de
357 4044 443 4110 vinis
464 4046 623 4112 membris
644 4044 798 4131 loquitur.
1213 4052 1349 4134 spiritus
1381 4051 1507 4129 sancti,
1539 4052 1601 4115 scd
1632 4050 1825 4116 iudicabunt
1859 4059 1986 4113 tantum
2018 4059 2189 4114 axwrnam

270 4132 389 4217 Neque
409 4133 488 4197 noui
509 4131 685 4281 puidpuam
709 4133 864 4212 diximus,
888 4131 1161 4200 Paulusomniuo
1213 4136 1484 4202 obseruationem
1515 4156 1593 4202 esse
1620 4147 1786 4201 certorum
1815 4134 1962 4199 cultuum
1989 4152 2030 4199 ac
2056 4136 2188 4197 mum.

145 4254 154 4265 ·
182 4219 302 4284 eodem
334 4218 435 4283 modo
468 4218 511 4282 de
536 4218 618 4294 niut
649 4213 838 4284 Ecclesiam
870 4217 974 4305 Ephe
1002 4242 1035 4287 v.
1071 4220 1161 4307 quod
1214 4220 1294 4284 ltem
1317 4221 1397 4306 quid
1418 4223 1567 4287 intererit
1587 4223 1675 4286 inter
1694 4218 1852 4306 populum
1879 4217 1986 4305 legis,
2015 4230 2049 4283 et
2069 4214 2189 4282 Eccle-

183 4304 395 4389 purificetur,
418 4314 455 4367 vt
475 4304 520 4369 sit.
539 4314 676 4382 sancta,
694 4302 738 4367 Et
759 4304 851 4369 addit
871 4319 1029 4371 externas
1051 4318 1161 4386 notam
1212 4305 1313 4383 siam,
1340 4307 1370 4370 si
1392 4305 1546 4374 Ecclesia
1577 4318 1629 4372 est
1658 4318 1794 4371 externa
1844 4302 1951 4386 olitia,
1981 4303 2027 4368 At
2048 4304 2099 4368 sic
2121 4303 2189 4367 dis·

182 4392 322 4455 verbum
352 4400 385 4454 ct
412 4398 631 4454 sacramenta.
686 4388 746 4454 Sic
775 4392 863 4455 enim
891 4391 949 4456 ait.
973 4426 976 4433 ·
1005 4391 1160 4456 Christus
1213 4392 1318 4456 cernit
1340 4390 1465 4460 Paulus
1484 4391 1673 4458 Ecclesiam
1694 4412 1716 4457 a
1736 4410 1780 4476 po
1804 4327 1862 4457 ulo
1884 4386 1989 4475 legis,
2012 4387 2103 4474 quod
2123 4386 2188 4453 Ec-

182 4473 298 4540 dilexit
319 4471 524 4553 Ecclesiam,
558 4484 592 4538 et
624 4494 663 4538 se
689 4475 825 4541 tradidit
852 4496 915 4561 pro
938 4497 997 4557 ea,
1029 4489 1065 4542 vt
1087 4497 1160 4541 eam
1212 4474 1317 4542 clesia
1339 4481 1385 4543 sit
1407 4476 1551 4562 populus
1568 4474 1763 4562 spiritualis,
1782 4413 1853 4541 hoc
1865 4487 1930 4553 est,
1953 4494 2020 4539 non
2032 4470 2188 4540 ciuilibus

182 4560 389 4639 sanctificet,
413 4557 595 4646 purificans
617 4558 756 4625 lauacro
778 4580 798 4625 a
823 4581 904 4640 uae,
926 4583 988 4646 per
1010 4564 1160 4641 verbum,
1211 4562 1329 4630 ritihus
1359 4566 1534 4630 distinctus
1561 4584 1583 4628 a
1611 4564 1785 4651 gentibus,
1813 4562 1882 4628 Sed
1911 4580 2012 4625 verus
2065 4556 2186 4626 culus

181 4659 218 4710 vt
240 4646 395 4711 exhibeat
416 4665 489 4710 eam
511 4646 577 4711 sibi
600 4644 781 4731 gloriosam
850 4645 988 4712 clesiam
1012 4668 1079 4712 non
1100 4648 1160 4713 ha·
1211 4646 1275 4714 Dei
1297 4661 1434 4716 renatus
1455 4669 1515 4734 per
1532 4651 1681 4732 spiritum
1693 4659 1856 4714 muctam.
1891 4646 1928 4710 ln
1949 4582 2075 4731 populls
2087 4581 2183 4730 legis

182 4728 315 4797 hentem
345 4728 528 4808 maculam,
557 4749 667 4816 neque
694 4751 827 4817 rugam,
855 4743 912 4797 aut
934 4730 1058 4818 aliquid
1080 4730 1160 4812 tale,
1210 4747 1344 4817 praeter
1354 4735 1608 4819 promissionem
1620 4737 1662 4800 de
1674 4732 1824 4811 Christo,
1843 4729 1990 4819 habebat
2008 4743 2041 4795 et
2053 4729 2188 4796 carnale

183 4819 245 4881 sed
266 4829 303 4881 vt
331 4817 376 4880 sit
404 4827 524 4880 sancta
549 4815 792 4901 et'inculpata.
836 4818 933 4883 llanc
955 4821 1160 4884 sentenciam
1211 4838 1325 4884 semen
1347 4821 1588 4905 promissiones
1605 4840 1714 4885 rerum
1734 4815 1969 4903 corporalium,
1992 4818 2099 4921 repni,
2120 4828 2186 4881 etc.

206 4922 270 4968 ene
290 4902 428 4966 totidem
450 4901 565 4966 verbis
586 4922 651 4966 noa
673 4904 707 4967 in
733 4899 948 4968 confessione
976 4904 1159 4987 posuimus.
1212 4902 1413 4991 Etpropter
1433 4907 1497 4971 has
1520 4908 1716 4971 dicebantur
1736 4900 1882 4989 populus
1902 4900 1977 4975 Dei,
2001 4915 2098 4967 ettam
2108 4897 2188 4965 mali

182 4925 241 5053 Eia
263 4987 376 5053 delinit
397 4984 585 5053 Ecclesiam
608 4999 643 5053 et
663 4985 825 5055 articulus
846 4991 880 5054 iu
899 4987 1082 5075 symbolo,
1104 4991 1161 5076 qul
1211 4990 1246 5053 in
1267 4990 1338 5071 his,
1367 4994 1445 5077 quia
1469 4990 1537 5058 hoc
1566 4987 1702 5057 carnale
1728 5008 1842 5055 semen
1865 4989 1949 5054 deus
1971 4997 2189 5073 separauerat

184 5259 232 5328 60)
252 5257 514 5330 adminisuatioueru]
531 5259 584 5315 lltl.
599 5258 626 5314 8.
643 5267 696 5329 typ.
715 5276 780 5314 amr
798 5260 997 5315 adhucdum
1212 5266 1261 5332 81)
1278 5265 1355 5333 argo]
1371 5264 1422 5317 Ed.
1439 5265 1480 5317 &a
1497 5278 1562 5331 erga
