4756 6194
80 328 148 396 aaa
361 302 365 391 ζ
531 324 645 395 nnn.
664 324 770 394 arun.
793 300 981 391 sonum
1000 290 1271 392 noandum
1288 322 1346 403 er
1365 322 1637 393 sinaeum.
1923 338 1935 349 ·
2038 318 2107 388 ur

84 514 408 601 concupiscentiam,
428 535 497 580 non
518 526 645 581 tantum
666 525 763 581 actus
785 533 846 579 sen
867 511 996 579 hactus
1016 513 1066 577 in·
1116 513 1191 581 ciai
1234 511 1403 588 Quorsum
1426 530 1513 598 opus
1541 513 1603 578 erit
1631 510 1752 579 siritu
1776 520 1912 592 amato,
1946 512 1978 576 si
2008 512 2103 578 vires

83 601 279 690 telligimns,
301 604 364 666 sed
385 612 579 686 perpetuam
602 614 741 666 naturae
762 597 1020 665 inclinationem.
1115 600 1279 666 humanae
1299 619 1360 684 pcr
1381 617 1459 662 sese
1480 610 1623 682 possunt
1681 618 1756 663 eum
1783 598 2024 683 superomnia
2054 598 2100 663 di·

172 688 240 754 Sed
268 698 388 773 postea
418 688 635 751 ostendemus
667 685 819 770 pluribus
846 686 977 761 verbis,
1006 705 1066 749 no·
1114 684 1241 773 ligere,
1263 696 1298 751 et
1318 694 1498 769 praccepta
1519 683 1583 749 Dei
1611 681 1745 749 facere?
1789 683 1871 757 Quis
1899 704 1967 750 non
1996 684 2101 764 videt,

82 778 189 841 'stram
212 773 470 858 descriptionem
492 773 682 837 consentire
705 792 778 836 curn
800 772 921 836 vsitata
946 791 989 836 ac
1010 789 1065 835 ve·
1116 792 1216 858 quam
1247 781 1466 858 praepostere
1499 773 1645 835 sentiant
1676 770 1883 854 aduersariji
1936 768 2100 835 Leuiores

86 861 149 927 teri
183 859 382 926 definitione.
438 856 537 922 Prius
577 858 663 922 enim
704 853 878 923 consilium
914 867 1065 922 nostrum
1115 861 1253 924 morbos
1287 860 1321 921 in
1352 867 1474 921 natura
1506 854 1650 923 hominis
1682 867 1891 941 agnoscunt,
1923 856 2100 941 grauiores

85 946 299 1031 aperiendum
333 954 403 1022 est,
436 963 496 1008 cur
527 943 579 1007 his
610 943 818 1029 potissimum
851 943 966 1008 verbis
1000 941 1067 1008 hoc
1116 947 1255 1009 morbos
1284 962 1353 1007 non
1386 952 1593 1026 agnoscunt,
1621 943 1663 1005 de
1692 942 1812 1026 quibus
1843 954 1953 1007 tamen
1976 942 2101 1026 vbique

85 1029 164 1097 loco
188 1032 241 1095 vsi
263 1030 376 1095 simus.
408 1028 602 1114 Aduersarij
626 1031 660 1093 in
682 1025 809 1094 scholis
831 1026 978 1093 fatentur
999 1049 1066 1092 ma·
1116 1030 1274 1094 admonet
1294 1047 1359 1092 nos
1380 1026 1559 1110 scriptura,
1581 1037 1615 1094 et
1625 1027 1692 1091 Pro
1717 1025 1815 1092 hetae
1835 1036 1998 1113 perpetuo
2022 1047 2101 1092 con·

85 1113 205 1184 teriale
226 1124 277 1197 (ut
297 1120 435 1191 vocant)
457 1117 588 1198 peccati
609 1112 783 1200 originalis
807 1133 884 1179 esse
907 1114 1066 1197 concupi·
1089 1134 1094 1189 r
1117 1128 1312 1201 queruntur,
1332 1110 1500 1191 videlicet,
1522 1115 1565 1178 dc
1587 1134 1668 1178 carn
1705 1114 1713 1131 ‘
1737 1115 1933 1192 securitate,
1956 1113 1999 1177 de
2021 1132 2102 1179 con·

87 1202 268 1281 scentiam,
286 1221 389 1286 qnare
408 1203 443 1265 in
465 1201 653 1265 deliniendo
676 1199 827 1265 nonfuit
851 1212 1067 1283 praetereun·
1090 1193 1094 1289 Ι
1117 1213 1243 1285 temptu
1263 1199 1346 1278 Dei,
1364 1199 1407 1263 de
1425 1199 1502 1263 odio
1526 1199 1609 1277 Dei,
1636 1212 1669 1263 et
1691 1197 1854 1263 similibus
1875 1199 1966 1282 vitijs
1988 1199 2101 1264 nobis·

87 1288 148 1365 da,
176 1288 372 1371 praesertim
397 1286 464 1352 hoc
487 1299 653 1372 tempore,
681 1307 757 1352 cum
780 1287 822 1349 de
849 1304 889 1350 ea
917 1281 1067 1351 nonnulli
1090 1308 1094 1367 Ι
1118 1307 1193 1351 cum
1215 1286 1323 1365 natis,
1345 1283 1416 1348 Sed
1437 1295 1614 1370 postquam
1637 1282 1832 1351 scholastici
1854 1285 2104 1350 admiscuerunt

88 1394 204 1457 parum
227 1370 383 1458 religiose
405 1369 696 1457 philosophantur.
776 1432 781 1441 ,
1091 1394 1096 1445 ·.
1119 1373 1290 1438 doctrinae
1313 1367 1539 1447 Christianae,
1562 1367 1810 1455 Philosophiam
1834 1372 1876 1436 dc
1895 1368 2103 1455 perfectione

177 1457 317 1531 Quidam
339 1459 426 1522 enim
449 1457 631 1543 disputant,
652 1468 828 1542 peccatum
839 1457 978 1543 originis
1001 1476 1068 1520 nou
1092 1452 1266 1529 'naturae
1289 1466 1323 1521 et
1344 1453 1537 1540 plusquam
1560 1458 1643 1521 satis
1664 1469 1755 1535 erat,
1777 1454 1885 1522 libero
1906 1459 2047 1523 arbitrio
2070 1467 2104 1522 et

89 1563 168 1609 csse
189 1543 326 1630 aliquod
353 1544 387 1607 in
416 1553 536 1609 natura
561 1543 705 1609 hominis
732 1543 874 1621 vicium,
905 1561 967 1607 seu
996 1561 1070 1605 cor·
1119 1544 1252 1609 actibus
1282 1539 1403 1607 elicitis
1418 1544 1451 1618 ⁹)
1484 1542 1688 1622 tribuerunt,
1715 1554 1748 1607 ct
1774 1542 1926 1607 homines
1954 1539 2105 1628 philoso-

88 1631 287 1715 rnptionem,
305 1630 368 1694 sed
389 1640 515 1694 tantum
538 1630 745 1706 seruitutem,
767 1648 828 1692 seu
847 1628 1070 1693 conditionem
1092 1684 1097 1739 1
1119 1630 1219 1715 phion
1241 1648 1303 1691 seu
1325 1623 1414 1692 ciuili
1434 1628 1583 1706 iusticia,
1606 1649 1705 1713 quam
1728 1641 1762 1694 et
1787 1647 1852 1694 nos
1879 1626 2026 1693 fatemur
2052 1648 2105 1693 ra·

88 1716 317 1793 mortalitatis,
340 1734 438 1799 quam
465 1716 644 1801 propagati
670 1734 712 1778 ex
734 1714 843 1779 Adam
873 1714 1070 1792 sustineant,
1092 1742 1098 1782 ι
1121 1715 1204 1780 tioni
1226 1714 1409 1779 subiectam
1433 1732 1530 1791 esse,
1557 1726 1592 1778 et
1612 1712 1724 1800 aliquo
1746 1715 1847 1779 modo
1873 1715 1908 1778 in
1935 1724 2107 1799 potestate

89 1803 163 1866 sine
186 1799 298 1885 aliquo
321 1799 457 1883 proprio
480 1802 579 1879 vicio,
600 1811 739 1884 propter
759 1797 904 1864 alienam
926 1797 1069 1882 culpam.
1093 1787 1098 1858 Ι
1119 1811 1237 1865 nostra
1259 1818 1357 1876 esse,
1378 1798 1551 1863 iustificari
1574 1819 1685 1864 coram
1708 1797 1783 1863 Deo
1805 1799 2013 1879 docuerunt,
2034 1819 2105 1864 non

89 1885 267 1951 Praeterea
289 1887 427 1961 addunt,
449 1887 612 1950 nerninem
636 1888 785 1950 damnari
806 1895 913 1949 morte
935 1897 1071 1949 aeterna
1120 1896 1299 1971 potuerunt
1309 1884 1423 1949 videre
1438 1885 1626 1949 interiorem
1636 1886 1877 1950 immundiciam
1889 1899 2032 1952 naturae
2043 1882 2106 1951 ho·

89 1980 226 2057 propter
247 1982 420 2054 peccatum
448 1972 605 2056 originis,
638 1971 734 2035 Sicut
764 1991 806 2035 ex
835 1967 959 2034 ancilla
980 1970 1071 2034 serui
1093 2010 1099 2059 ,-
1120 1973 1260 2049 minum,
1281 1970 1399 2054 Neque
1417 1970 1503 2034 enim
1525 1982 1637 2055 potest
1659 1971 1817 2050 iudicari,
1846 1970 1973 2035 nisiex
1996 1972 2104 2037 verbo

89 2067 284 2128 nascuntur,
308 2067 340 2121 et
362 2055 451 2121 hanc
474 2058 695 2123 conditionem
717 2057 790 2120 sine
811 2069 951 2121 naturae
967 2056 1070 2140 vitijs,
1120 2056 1204 2134 Dei,
1233 2055 1324 2141 qnod
1351 2052 1545 2121 scholastici
1574 2058 1609 2120 in
1631 2056 1703 2121 suis
1732 2056 2012 2141 disputationibus
2035 2076 2105 2121 non

90 2144 151 2207 sed
172 2154 310 2227 propter
331 2139 550 2207 calamitatem
574 2142 689 2206 matris
717 2143 898 2219 sustinent,
920 2140 1013 2219 Nos,
1035 2150 1071 2205 vt
1122 2161 1227 2226 saepe
1249 2151 1404 2206 tractent.

90 2225 179 2293 hanc
204 2230 336 2311 impiam
369 2227 556 2312 opinionem
584 2226 849 2313 significaremus
878 2228 976 2293 nobis
1004 2226 1099 2297 dis-,t
1208 2226 1282 2290 Hac
1302 2224 1435 2291 fuerunt
1457 2245 1599 2310 causae,
1629 2228 1746 2293 curin
1776 2228 1999 2311 descriptione
2028 2246 2107 2310 pec·

89 2310 225 2397 plicare,
249 2316 541 2396 concupiscentiae
559 2316 757 2379 mentionem
774 2311 927 2390 lecimus,
945 2313 1070 2396 optimo
1122 2313 1191 2378 cati
1222 2313 1381 2398 originis,
1413 2324 1448 2376 et
1473 2313 1766 2397 concupiscentiae
1796 2316 1996 2378 mentionem
2024 2314 2108 2379 feci·

90 2400 200 2464 animo
221 2400 359 2462 morbos
381 2400 642 2477 nominauimus,
670 2411 703 2463 et
725 2398 959 2483 exposuimus,
981 2397 1071 2482 quod
1122 2417 1214 2475 mus,
1246 2410 1280 2462 et
1313 2398 1514 2463 detraximus
1547 2396 1757 2463 naturalibus
1789 2399 1917 2463 viribus
1949 2398 2107 2478 hominis,

91 2496 211 2549 natura
234 2481 400 2547 hominum
421 2494 578 2568 corrupta
600 2496 632 2547 et
654 2485 782 2548 viciosa
803 2496 973 2548 nascatur.
1122 2484 1272 2549 timorem
1301 2496 1335 2548 et
1363 2482 1517 2547 fiduciam
1544 2503 1624 2569 erga
1656 2482 1783 2562 Deum,
1814 2482 1988 2550 voluimus
2018 2485 2107 2550 enim

177 2568 295 2653 Neque
317 2588 399 2632 vero
422 2579 546 2632 tantum
569 2570 871 2654 concupiscentiam
889 2567 1072 2633 nominaui·
1122 2568 1330 2654 significare,
1364 2569 1453 2653 quod
1486 2581 1660 2652 peccatum
1695 2570 1834 2655 originis
1853 2568 1936 2633 'hos
1972 2588 2109 2654 qnoque

91 2673 185 2732 mus,
214 2655 276 2718 sed
305 2653 445 2717 diximus
472 2655 569 2718 etiam
598 2656 719 2719 deesse
748 2656 899 2719 timorem
928 2653 1012 2732 Dei,
1040 2664 1073 2716 et
1121 2655 1258 2719 morbos
1283 2655 1469 2733 contineat,
1498 2655 1741 2740 ignorationem
1770 2654 1850 2734 Dei,
1880 2666 2109 2740 contemptum

90 2738 202 2818 iidem,
224 2738 261 2802 ld
279 2737 346 2804 hoc
375 2737 516 2804 consilio
543 2740 736 2805 adiecimus.
779 2738 971 2805 Extenuant
995 2757 1072 2824 pec·
1121 2738 1198 2825 Dei,
1222 2759 1344 2804 vacare
1365 2751 1455 2804 metu
1476 2738 1548 2809 Dei.
1571 2751 1605 2805 et
1625 2738 1751 2807 fiducia
1769 2759 1853 2826 erga
1879 2740 2005 2818 Deum,
2035 2760 2107 2805 non

91 2836 200 2890 catum
229 2824 377 2910 Originis
406 2836 440 2890 et
463 2822 862 2904 scholasticidoctores,
890 2825 1071 2889 nonsatis
1121 2844 1225 2909 posse
1253 2821 1393 2912 diligere
1419 2823 1538 2890 Deum.
1583 2824 1679 2892 llaec
1703 2837 1782 2890 sunt
1807 2828 1990 2912 praecipua
2014 2827 2107 2892 vicia

90 2906 314 2996 intelligentes
344 2909 567 2976 definitionem
595 2913 725 2997 peccati
753 2908 945 2997 originalis,
973 2930 1073 2996 quam
1120 2922 1263 2977 naturae
1280 2910 1456 2991 humanae,
1477 2914 1660 2999 pugnantia
1681 2913 1818 2998 proprie
1841 2932 1916 2978 cum
1937 2913 2107 2998 primata-

90 3006 293 3081 accepcrunt
313 3017 334 3061 a
356 2997 519 3080 patribus.
563 2995 618 3062 De
639 2995 753 3064 fomite
775 2998 961 3083 disputant,
982 2995 1073 3081 quod
1122 2994 1203 3063 bula
1225 2995 1388 3083 decalogi.

92 3084 134 3147 sit
157 3078 300 3165 qualitas
330 3084 501 3167 corporis,
530 3093 564 3147 et
591 3096 628 3148 vt
652 3102 716 3151 suc
742 3101 836 3148 more
863 3082 932 3148 sint
959 3083 1072 3166 inepti,
1207 3081 1327 3167 Neque
1358 3083 1439 3148 noui
1471 3083 1650 3169 quidquam
1679 3083 1831 3148 diximus.
1884 3081 1992 3148 Vetus
2025 3081 2107 3148 deli·

92 3178 256 3252 qnaemnt
275 3180 384 3231 rtrum
407 3165 550 3251 qualitas
571 3165 646 3248 illa,
671 3180 771 3235 conta
796 3169 873 3233 ‘one
892 3168 1002 3253 pomi,
1028 3185 1072 3229 an
1120 3167 1203 3232 nitio
1225 3180 1318 3233 recte
1345 3164 1515 3234 intellectu
1545 3188 1685 3253 prorsus
1711 3169 1798 3233 idem
1825 3169 1922 3248 dicit,
1951 3167 2035 3234 Cum
2060 3170 2107 3233 ait

92 3271 134 3318 ex
153 3246 269 3316 affiatu
287 3252 453 3336 serpentis
476 3262 649 3317 contracta
677 3253 738 3331 sit,
799 3260 885 3319 trmn
911 3261 1073 3338 augeatur
1121 3265 1296 3402 peccatum
1318 3254 1457 3340 originis
1478 3257 1658 3318 carentiam
1681 3272 1758 3320 esse
1782 3255 1934 3321 iusticiae
1962 3256 2107 3341 origina-

91 3337 351 3403 medicaruentis.
396 3335 592 3402 Huiusmodi
621 3340 874 3423 quaestionibus
896 3354 1073 3422 oppresse-
1137 3339 1178 3403 is.
1233 3337 1322 3411 Quid
1360 3351 1414 3403 est
1451 3351 1561 3403 autem
1600 3339 1754 3404 iusticia?
1808 3336 2015 3407 Scholastici
2046 3341 2105 3407 hic

91 3433 170 3488 runt
191 3418 374 3506 principale
395 3425 590 3507 negocium,
615 3423 731 3509 ltaque
763 3444 838 3488 cum
865 3424 907 3491 de
933 3432 1073 3507 peccato
1094 3435 1102 3507 Ι
1122 3424 1273 3489 rixantur
1305 3425 1347 3489 de
1380 3420 1565 3489 dialecticis
1594 3426 1865 3511 quaestionibus,
1898 3443 1967 3491 non
2001 3423 2106 3511 expli·

93 3507 243 3595 Originis
264 3504 464 3593 loquuntur,
491 3510 647 3594 grauiora
667 3508 755 3574 vicia
787 3509 954 3573 humanae
980 3518 1074 3573 natu·
1124 3522 1202 3574 cant
1223 3511 1303 3593 quid
1324 3510 1367 3574 sit
1388 3511 1521 3575 iusticia
1543 3509 1735 3598 Originalis.
1781 3512 1888 3576 Porro
1911 3511 2042 3577 iusticia
2070 3513 2106 3576 in

92 3615 152 3660 rue
168 3614 237 3658 non
255 3606 528 3673 commemorant,
547 3591 674 3659 scilicet
691 3595 933 3680 ignorationem
946 3596 980 3673 θ)
997 3593 1074 3671 Dei,
1123 3595 1316 3678 scripturis,
1341 3596 1488 3661 continet
1510 3615 1578 3660 non
1599 3606 1725 3662 tantum
1748 3599 1930 3663 secundam
1955 3594 2106 3662 tabulam

94 3689 320 3764 contemptum
331 3676 407 3757 Dei,
429 3699 552 3744 vacare
562 3689 654 3745 metu
676 3690 709 3744 et
730 3679 851 3745 fiducia
860 3678 937 3758 Dei,
960 3680 1074 3744 odisse
1124 3677 1255 3744 Deculo
1280 3682 1308 3758 i,
1336 3681 1398 3745 sed
1423 3683 1560 3764 primam
1588 3702 1738 3768 quoqne,
1763 3704 1849 3769 quae
1876 3684 2040 3768 praecipit
2061 3685 2105 3749 de

93 3765 248 3831 iudicium
266 3762 343 3843 Dei,
364 3762 482 3850 iugera
504 3765 611 3830 Deum
633 3766 843 3845 iudicantem,
864 3768 966 3831 irasci
986 3764 1074 3848 Deo,
1124 3768 1243 3831 timore
1255 3701 1339 3844 liet,
1363 3767 1405 3831 de
1427 3767 1506 3845 fide,
1524 3768 1566 3832 do
1587 3787 1702 3833 amore
1722 3768 1796 3835 Dei.
1840 3768 1956 3854 ltaque
1972 3758 2135 3855 iusticial¹

92 3852 274 3936 desperare
302 3854 460 3936 gratiam,
492 3850 619 3916 hahere
647 3850 802 3917 fiduciam
834 3872 945 3917 rerum
978 3872 1074 3936 prae·
1124 3848 1304 3938 Originalis
1327 3849 1480 3918 habitura
1502 3864 1574 3918 erat
1595 3874 1663 3919 non
1685 3852 1795 3919 solum
1817 3851 1958 3940 aequale
1979 3865 2105 3940 tempe·
2138 3894 2144 3923 ·.

92 3939 234 4002 sentium
258 3948 321 4000 etc.
365 3934 437 4000 lios
460 3938 613 4015 morbos,
641 3938 697 4022 qui
725 3937 867 4002 maxime
893 3938 1074 4002 aduersari·
1124 3948 1306 4003 ramentum
1324 3937 1518 4023 qualitatum
1537 3941 1700 4022 corporis,
1717 3942 1778 4004 sed
1797 3942 1894 4004 etiam
1907 3940 2104 4019 haecdona,
2138 3966 2146 4023 ,a

90 4035 147 4089 tur
164 4021 233 4106 legi
254 4020 336 4102 Dei,
366 4041 434 4086 non
462 4023 728 4087 animaduertunt
765 4022 981 4098 scholastici,
1004 4021 1073 4088 lrno
1096 4040 1102 4103 Ι
1123 4022 1280 4090 noticiam
1301 4021 1368 4088 Dei
1390 4024 1576 4104 certiorem,
1593 4027 1741 4090 timorem
1760 4024 1837 4105 Dei,
1854 4026 2008 4091 fiduciam
2024 4024 2135 4109 Dei,1t

90 4109 240 4173 tribuunt
261 4108 390 4173 interim
413 4107 577 4173 humanae
597 4118 737 4174 naturae
753 4109 904 4194 integras
921 4110 1012 4174 vires
1030 4108 1074 4174 ad
1123 4120 1181 4174 aut
1199 4120 1291 4174 certe
1312 4110 1560 4188 rectitudinem,
1590 4122 1624 4176 ct
1652 4114 1716 4175 iim
1746 4113 1814 4176 ista
1836 4110 2010 4176 efficiendi.
2056 4112 2104 4175 ld·

93 4191 296 4279 diligendum
318 4192 428 4259 Deum
449 4193 697 4276 superomnia,
725 4195 768 4259 ad
797 4191 952 4260 iacienda
978 4214 1073 4280 prae·
1124 4214 1190 4282 que
1211 4182 1538 4278 testaturt'scriptura
1558 4217 1633 4261 cum
1651 4198 1763 4283 inquit,
1781 4196 1946 4263 hominem
1964 4199 2007 4262 ad
2024 4199 2122 4261 ima·¹

93 4290 192 4364 cepta
213 4280 291 4358 Dei,
309 4301 375 4365 quo
398 4280 441 4346 ad
462 4280 684 4346 substantiam
705 4290 850 4360 actuum,
868 4277 939 4344 Nec
961 4281 1075 4345 vident
1095 4299 1102 4417 q
1125 4283 1234 4368 ginern
1257 4293 1291 4345 ct
1318 4276 1561 4346 similitudinem
1588 4281 1652 4347 Dei
1679 4285 1847 4349 conditum
1872 4302 1958 4348 esse.
2004 4282 2103 4355 Quod

92 4383 131 4430 se
153 4366 335 4451 pugnantia
365 4366 486 4432 dicere.
530 4365 615 4430 Nam
642 4366 788 4451 proprijs
818 4364 945 4431 viribus
971 4385 1075 4451 posse
1125 4368 1204 4452 quid
1226 4376 1279 4432 est
1299 4364 1403 4445 aliud,
1426 4368 1491 4431 nisi
1513 4368 1546 4432 in
1567 4368 1701 4433 homine
1730 4367 1817 4434 hanc
1845 4370 2041 4454 sapientiam
2069 4379 2104 4434 et

93 4447 233 4601 diliqere
254 4451 362 4516 Deum
383 4471 488 4536 super
509 4453 637 4528 omnia,
658 4450 773 4517 iacere
794 4460 974 4536 praccepta
995 4449 1073 4528 Dei,
1124 4454 1288 4518 iusticiam
1309 4450 1490 4539 effigiatam
1513 4473 1609 4532 esse,
1631 4474 1717 4539 quae
1738 4453 1847 4520 Deum
1874 4453 2103 4539 apprehende·

116 4537 150 4602 ui
206 4534 303 4601 aliud
324 4548 378 4600 est
409 4557 509 4623 quarn
542 4537 669 4603 habere
707 4537 872 4603 iusticiam
912 4536 1074 4620 originis?
1123 4548 1186 4610 ret,
1209 4552 1242 4604 et
1263 4539 1296 4602 in
1319 4560 1385 4625 qua
1406 4538 1571 4605 reluceret
1593 4540 1698 4619 Deus,
1720 4537 1787 4604 hoc
1805 4555 1855 4605 est
1875 4541 1997 4605 homini
2016 4541 2104 4606 dona

93 4557 192 4696 hlud
215 4623 244 4687 si
265 4619 329 4687 has
350 4635 461 4687 tantas
481 4624 571 4688 vires
592 4622 696 4688 habet
715 4621 858 4689 humana
879 4633 1016 4703 natura,
1037 4634 1075 4688 vt
1123 4642 1203 4688 csse
1231 4625 1325 4703 datu,
1356 4626 1512 4691 noticiam
1544 4624 1624 4705 Dei,
1657 4627 1808 4691 timorem
1835 4626 1916 4701 Dei,
1949 4625 2104 4691 fiduciam

90 4727 153 4794 per
186 4726 265 4772 sese
296 4709 406 4792 possit
439 4706 578 4798 diligere
609 4707 720 4774 Deum
748 4708 1004 4794 superomnia,
1037 4722 1074 4774 vt
1124 4728 1207 4796 erga
1239 4708 1369 4790 Deum,
1405 4722 1438 4776 et
1468 4704 1625 4799 similia.)
1650 4710 1709 4777 Sic
1732 4714 1818 4777 enim
1845 4714 2104 4796 interpretantur

92 4791 301 4858 confidenter
322 4791 489 4859 affirmant
516 4791 727 4874 scholastici,
756 4796 833 4882 quid
864 4795 927 4861 erit
952 4815 1073 4881 pecca·
1124 4794 1370 4863 similitudinem
1390 4795 1456 4863 Dei
1478 4798 1613 4862 ireneus
1641 4809 1675 4863 ct
1701 4797 1920 4877 Ambrosius,
1947 4799 2003 4885 qui
2028 4819 2104 4863 curn

92 4887 163 4946 turn
196 4879 357 4965 originis‘l
410 4875 576 4954 Quorsum
609 4893 718 4948 autern
747 4901 833 4965 opus
866 4882 929 4946 crit
966 4883 1075 4968 gratia
1125 4880 1192 4949 alia
1217 4881 1321 4950 multa
1353 4883 1387 4948 in
1419 4881 1507 4949 hanc
1534 4885 1740 4950 sentenciam
1763 4885 1862 4963 dicit,
1889 4895 1958 4949 tum
1982 4885 2029 4949 ita
2056 4882 2104 4946 in·

95 4961 232 5044 Christi,
255 4965 285 5029 si
305 4984 371 5032 nos
391 4985 572 5051 possumus
600 4967 672 5033 lieri
699 4968 793 5050 iusti,
821 4969 957 5051 propria
983 4968 1074 5033 iusti·

113 5239 143 5305 s)
161 5240 365 5308 ignoscente]
382 5240 421 5293 aa
436 5240 518 5293 nuc.
540 5241 563 5290 1.
582 5241 606 5293 a.
625 5244 668 5306 a,
685 5240 737 5293 nr.
754 5240 794 5293 a..·
812 5243 989 5307 momen
1098 5204 1104 5281 Ι
1143 5241 1450 5311 animaduersum.
1471 5243 1811 5310 1-³.;1tu4.:ssliaitis
