4756 6194
174 396 243 465 ⁸86
526 394 566 462 ll.
609 394 840 463 Arctoam
861 393 1183 464 CCNFESSIONlS
1203 394 1520 464 AUGUSTANAE.
1562 394 1604 463 B.
1647 395 1840 464 ALTERA.
2122 398 2189 467 588

175 582 325 651 sceleste
345 587 466 651 obruta
492 595 546 649 est
567 585 611 648 ab
633 585 706 649 istis
713 630 724 664 ,
748 586 805 670 qni
826 582 1077 649 somniauerunt
1097 581 1157 647 ho·
1177 599 1187 641 t
1208 585 1358 650 cessaria
1378 599 1446 662 est,
1479 596 1513 651 et
1539 582 1719 670 amplificat
1746 584 1888 672 gloriam
1910 583 2053 665 Christi,
2084 583 2187 652 facilc

176 672 283 738 mines
305 667 374 757 legi
394 669 459 735 Dei
489 671 626 735 obedire
646 689 749 754 posse
775 671 849 735 sine
879 671 997 753 spiritu
1025 678 1158 746 sancto,
1181 646 1185 714 Ι
1207 682 1355 736 terrores
1377 672 1488 736 mundi
1509 672 1767 749 contemnimus,
1792 684 1826 736 et
1847 671 1972 757 ingenti
1994 672 2121 752 animo,
2145 674 2187 738 si·

178 758 253 823 dari
272 768 382 822 autem
403 756 555 842 spiritum
576 768 741 836 sanctum,
765 768 799 821 vt
820 755 961 822 accedat
983 764 1159 837 respectus
1182 782 1185 841 q
1207 757 1286 841 qnid
1307 757 1371 822 erit
1390 758 1604 841 paciendum,
1625 768 1763 842 propter
1786 755 1926 842 gloriam
1950 754 2087 836 Christi,
2104 779 2187 861 pro·

118 910 125 921 ,
176 842 346 929 meritorij.
1181 848 1282 931 {pter
1302 840 1475 908 militatem
1497 841 1686 921 Ecclesiae,
1709 839 1863 908 feremus.
1910 842 1994 916 Quis
2015 863 2083 908 non
2106 864 2188 930 gau·

266 924 451 993 Articulum
479 924 571 990 XlX.
599 925 761 1012 recipiunt
792 924 997 1010 aduersarij,
1027 925 1062 989 ln
1090 944 1158 1010 quo
1183 1005 1185 1009 y
1209 928 1285 991 deat
1308 929 1390 992 mori
1411 928 1446 993 in
1468 928 1682 993 consessione
1703 929 1821 993 horum
1842 926 2076 1008 articulorum,
2097 929 2189 1013 quod
2256 1010 2258 1015 Ι

178 1014 394 1090 eonfitemur,
424 1012 514 1097 quod
536 1012 601 1076 etsi
628 1031 716 1077 vnus
743 1033 785 1076 ac
806 1012 903 1078 solus
925 1009 1022 1076 Deus
1043 1011 1158 1075 condi·
1208 1013 1436 1077 remissionem
1468 1026 1682 1098 peccatorum
1710 1012 1778 1078 lide
1811 1034 2057 1098 consequamur
2086 1014 2189 1100 gratis

179 1101 263 1165 derit
286 1099 475 1164 uniuersam
498 1107 660 1170 naturam,
684 1109 717 1163 et
739 1107 918 1163 conseruet
940 1097 1049 1161 omnia
1071 1115 1159 1180 quae
1207 1110 1345 1183 propter
1367 1098 1554 1179 Christum,
1581 1101 1670 1185 quod
1700 1102 1857 1183 operibus
1879 1101 2005 1165 nostris
2033 1120 2101 1164 non
2122 1119 2189 1165 me·

178 1187 343 1259 esistunt,
372 1194 481 1249 tamen
504 1203 610 1249 caasa
635 1185 764 1268 peccati
785 1184 829 1248 sit
856 1180 1014 1248 voluntas
1036 1183 1068 1244 in
1090 1182 1159 1246 dia·
1209 1204 1340 1249 reamur
1351 1185 1581 1251 remissionem
1596 1197 1812 1333 peccatorum
1821 1184 1838 1250 ‘l
1870 1183 2004 1250 Nullam
2020 1185 2191 1251 habebunt

177 1269 258 1337 boio
275 1282 310 1339 et
330 1266 519 1335 hominibus
542 1281 698 1334 auertens
721 1266 1159 1346 sealieo,iuxtadictu1n
1208 1272 1291 1335 satis
1330 1270 1458 1335 lituram
1492 1291 1598 1337 conso
1612 1272 1756 1335 ationem
1797 1271 2023 1336 conscientiae
2061 1272 2190 1357 piorum

179 1354 315 1435 Christi,
336 1355 379 1420 de
399 1352 547 1419 diabolo.
592 1353 677 1421 Cum
698 1351 843 1441 loquitur
865 1354 1093 1431 mendacium,
1116 1371 1160 1417 ex
1184 1439 1185 1442 Ἴ
1208 1355 1372 1420 aduersus
1402 1367 1552 1422 terrores
1580 1358 1710 1442 peccati
1737 1367 1770 1421 et
1795 1357 1928 1435 mortis,
1960 1368 1994 1420 et
2024 1357 2190 1423 aduersus

178 1442 324 1530 proprijs
344 1438 501 1526 loquitur.
1182 1439 1375 1506 ‘diabolum
1402 1439 1639 1509 sollicitantem
1668 1442 1712 1506 ad
1740 1442 2025 1528 desperationem,
2057 1444 2087 1507 si
2120 1464 2189 1508 non

265 1526 302 1592 ln
330 1524 484 1591 Articulo
514 1523 588 1589 XX.
618 1526 743 1590 diserte
775 1536 904 1610 ponunt
929 1524 1016 1589 hacc
1043 1525 1158 1603 verbe,
1208 1528 1318 1592 sciant
1349 1547 1388 1591 se
1421 1528 1545 1592 debere
1578 1538 1745 1606 statuere,
1788 1529 1878 1613 quod
1917 1529 2022 1613 gratis
2054 1540 2191 1613 propter

178 1613 269 1698 quod
309 1612 462 1694 reliciaat
493 1623 527 1675 et
563 1612 607 1675 im
649 1614 752 1675 obent
784 1610 851 1676 hoc
885 1610 974 1695 quod
1007 1609 1159 1688 dicimus,
1180 1575 1184 1691 Ι
1208 1611 1376 1677 Christum
1399 1613 1544 1678 habeant
1572 1614 1801 1678 remissionem
1824 1625 2051 1698 peccatorum.
2095 1613 2189 1681 llaec

178 1699 269 1783 quod
290 1718 359 1762 uon
386 1708 576 1763 mereantur
628 1698 756 1761 omines
783 1698 1012 1762 remissionem
1038 1713 1159 1778 pecca·
1180 1694 1184 1761 l
1209 1696 1293 1762 fides
1315 1710 1499 1777 sustentat,
1521 1712 1554 1764 et
1575 1699 1722 1764 viuiiicat
1745 1699 1902 1764 cordaio
1924 1694 1982 1762 illo
2005 1700 2190 1782 asperrimo

97 1784 101 1801 '
178 1797 285 1848 torum
309 1784 405 1849 bonis
428 1784 596 1867 operibus.
630 1782 738 1865 lianc,
748 1779 922 1847 articulum
952 1779 1044 1846 clarc
1065 1800 1158 1865 prae·
1209 1786 1389 1848 certamine
1417 1785 1678 1870 desperacionis.
1722 1782 1836 1870 Digna
1863 1786 1964 1869 igitur
1992 1804 2097 1849 causa
2126 1796 2190 1864 cst,

179 1868 291 1935 dicant
317 1889 356 1934 se
381 1868 521 1954 reijcere
547 1879 580 1932 et
607 1869 807 1952 improbare.
859 1867 946 1941 Quid
974 1869 1068 1931 inre
1091 1877 1158 1930 tam
1208 1879 1466 1953 propterquam
1490 1868 2041 1954 nullumrecusemnspericulum.
2074 1869 2124 1935 Tu
2146 1890 2190 1935 ne

178 1951 357 2020 manifesta
379 1955 554 2020 dicendum
574 1952 649 2019 esti
675 1954 738 2019 Hie
759 1964 876 2038 aperte
906 1953 1086 2020 ostendunt
1108 1972 1184 2053 ιιι-1
1211 1956 1294 2019 cede
1312 1952 1427 2032 malis,
1456 1957 1517 2021 sed
1540 1967 1658 2020 contra
1679 1957 1853 2022 audentior·
1875 1958 1938 2028 ito,
1961 1957 2111 2042 quisquis
2135 1976 2190 2021 as·

180 2040 315 2105 chitecti
343 2038 603 2115 confutacionis,
657 2061 701 2104 uo
725 2041 844 2125 spiritu
872 2049 1026 2126 agantur.
1071 2035 1159 2109 Quid
1210 2041 1343 2105 sentiris
1366 2038 1570 2107 confessioni
1592 2053 1746 2121 nostrae,
1768 2062 1842 2106 oum
1864 2042 2062 2126 aduersarij,
2086 2054 2190 2107 terro-

179 2138 234 2191 est
262 2127 348 2191 enirn
371 2125 498 2191 'certius
525 2126 559 2190 in
579 2060 750 2207 Ecdlesia,
773 2145 870 2211 quam
893 2124 981 2210 quod
1004 2072 1184 2201 remissio*
1211 2128 1316 2204 ribus,
1337 2128 1549 2209 cruciatibus,
1567 2124 1755 2213 suppliciis,
1772 2137 1937 2192 certantur
1953 2140 2111 2192 excutere
2131 2128 2191 2193 tibi

178 2222 394 2363 peccatorum
416 2211 588 2298 contingat
599 2212 704 2296 gratis
722 2222 858 2296 propter
869 2209 1049 2288 Christum,
1070 2210 1160 2294 quod
1180 2204 1185 2283 i
1210 2223 1336 2276 tantam
1359 2210 1633 2291 consolationem,
1655 2234 1742 2299 quae
1765 2214 1942 2278 vniuersae
1960 2210 2136 2279 Ecclesiae
2155 2214 2190 2277 in

209 2295 335 2363 hristus
348 2297 407 2362 sit
423 2297 635 2446 ¹propiciacio
662 2316 724 2381 pro
755 2298 919 2379 peccatis,
946 2315 1014 2360 non
1043 2310 1160 2359 nostra
1182 2286 1186 2327 ¹
1210 2298 1278 2363 boc
1305 2311 1423 2363 nostro
1456 2298 1597 2365 articulo
1628 2300 1802 2383 proposita
1828 2312 1892 2363 est.
1943 2298 2020 2364 Non
2051 2300 2191 2363 deerunt

179 2402 293 2467 opera,
314 2383 401 2448 sicut
451 2395 543 2448 etrus
565 2383 679 2466 inquit.
724 2382 810 2447 Huic
832 2401 948 2446 omnes
971 2380 1160 2465 Prophetae
1210 2384 1380 2468 quaerenti
1401 2386 1589 2450 testimonia
1611 2384 1816 2469 scripturae,
1838 2404 1924 2471 quaa
1947 2382 2190 2449 confirmabunt

177 2469 352 2554 perhibent
380 2469 618 2546 testimonium,
650 2470 682 2531 in
710 2469 843 2532 nomine
875 2468 979 2552 ipsius
1007 2467 1159 2550 accipere
1211 2470 1364 2534 animum.
1398 2469 1483 2534 Nam
1497 2468 1621 2536 Paulus
1642 2479 1712 2534 tota
1734 2491 1832 2549 voce,
1854 2482 1891 2534 vt
1911 2469 2097 2551 dicitur,¹¹)
2120 2466 2190 2535 cla·

178 2557 411 2621 remissionem
421 2566 635 2638 peccatorum
648 2573 764 2618 onmes
786 2553 841 2639 qui
865 2554 1005 2618 credunt
1025 2553 1158 2616 ineam.
1210 2556 1304 2620 mitat
1333 2553 1450 2620 Roma.
1484 2556 1527 2642 iij.
1562 2567 1594 2620 et
1626 2556 1682 2642 iiij.
1697 2559 1739 2634 ι’1)
1772 2557 1876 2659 gratis
1903 2556 2024 2620 remitti
2050 2566 2192 2659 peccata

177 2638 264 2706 lluic
298 2636 472 2704 Ecclesiae
506 2637 570 2702 Pro
593 2637 745 2703 betarum
778 2640 1009 2703 assenciamur
1046 2639 1159 2721 potius
1210 2652 1346 2725 propter
1367 2639 1546 2706 Christum.
1591 2642 1671 2706 ldeo
1693 2643 1797 2727 inquit
1820 2661 1862 2705 ex
1880 2640 1944 2705 lide
1961 2642 2189 2720 iustihcamur‚

179 2747 278 2813 quarn
308 2726 381 2789 istis
407 2725 544 2810 perditis
567 2661 794 2808 §emptoribus
818 2721 1080 2802 confutacionis,
1103 2724 1158 2808 qui
1211 2738 1244 2791 et
1267 2726 1383 2810 gratis,
1407 2737 1443 2790 vt
1464 2727 1560 2793 firma
1582 2729 1625 2790 sit
1645 2728 1837 2812 promissio,
1859 2724 1895 2791 ld
1918 2738 1983 2806 est,
2005 2726 2042 2791 Si
2065 2746 2108 2791 ex
2130 2746 2189 2790 no·

178 2823 245 2877 tam
267 2811 474 2912 impudenter
497 2808 730 2895 blasphemant
752 2809 931 2875 Christum.
954 2809 1040 2874 Nam
1062 2810 1159 2873 etiam
1210 2814 1289 2875 stris
1312 2813 1470 2896 operibus
1491 2813 1655 2896 penderet
1676 2812 1866 2898 promissio,
1888 2832 1955 2875 non
1974 2822 2066 2876 esset
2082 2811 2187 2876 firma

178 2899 209 2963 si
231 2898 286 2982 qui
303 2898 437 2961 luerunt
454 2895 657 2981 Scriptores,
676 2898 734 2982 qui
750 2908 928 2961 senserunt
944 2908 1023 2981 post
1038 2899 1089 2973 ¹⁰)
1107 2913 1158 2960 re-
1210 2896 1247 2961 si
1269 2909 1405 2982 propter
1427 2912 1543 2964 nostra
1566 2919 1669 2983 opera
1697 2900 1832 2963 daretur
1853 2898 2005 2962 remissio
2033 2909 2188 2981 peccato·
2319 2924 2324 2935 ·

177 2984 373 3049 missionem
400 2993 615 3067 peccatoram
635 2984 787 3047 homines
815 2984 923 3047 iustos
945 3001 1025 3046 esse
1047 3000 1158 3045 coram
1208 3004 1298 3061 rum,
1332 2982 1466 3068 quande
1492 2985 1656 3049 sciremus
1684 3003 1758 3048 eam
1784 3003 1847 3047 nos
1876 2994 2077 3047 consecutos
2099 3002 2188 3058 esse,

177 3067 268 3147 Deo,
290 3087 358 3133 non
380 3068 458 3146 lide,
481 3069 542 3133 sed
564 3069 645 3152 ipsis
667 3068 844 3151 operibns,
868 3078 977 3131 tamen
999 3067 1066 3132 hoc
1088 3086 1157 3130 non
1209 3069 1343 3153 quando
1365 3070 1526 3153 reperiret
1548 3090 1634 3153 opus
1658 3069 1864 3135 conscientia
1876 3069 2001 3146 territa,
2023 3070 2189 3153 qoodsta·

178 3166 371 3232 senserant,
392 3153 481 3240 quod
494 3154 568 3239 ipsa
589 3154 969 3236 remissiopeccatorum
987 3152 1158 3237 contingat
1209 3164 1316 3219 tueret
1338 3154 1381 3218 ad
1404 3154 1601 3239 placandam
1626 3156 1708 3219 iram
1731 3155 1794 3220 Dei
1816 3150 1997 3219 sufficere?
2040 3153 2109 3219 Sed
2136 3173 2189 3218 su·

177 3251 316 3390 Kroptqr
338 3260 441 3324 opera
463 3251 591 3343 nostra,
613 3259 679 3388 uoq
697 3241 801 3388 grqltis
821 3249 960 3343 propter
977 3235 1156 3388 Chrilqtum.
1206 3260 1269 3325 pre
1287 3240 1340 3341 ‘de
1369 3250 1438 3304 tota
1470 3260 1510 3389 ιζ
1530 3241 1683 3305 diximus.
1727 3238 1808 3343 lade
1834 3236 1943 3343 lector
1965 3251 2076 3305 sumat
2097 3239 2187 3305 testi·

176 3347 255 3478 ..ti
270 3326 743 3494 attttstt'ttzdtt
755 3326 1050 3493 mittitis
1071 3341 1157 3473 tlt
1207 3325 1592 3497 ettinlgtntt
1605 3327 2186 3498 caesenatenses.

176 3495 375 3585 theologos,
397 3498 426 3561 si
449 3494 553 3562 talem
575 3497 780 3561 sentenciam
802 3497 834 3559 in
856 3494 1013 3560 Ecclesia
1034 3495 1158 3562 audent
1208 3497 1333 3560 diserte
1353 3509 1556 3581 posuerunt,
1581 3516 1621 3562 se
1641 3499 1829 3581 improbare
1850 3497 1939 3561 bunc
1960 3508 2112 3560 nostrum
2132 3516 2185 3560 ar·

176 3579 284 3663 ferre,
321 3584 439 3687 dieque
471 3583 662 3687 dubitamus
686 3582 766 3668 quin
798 3581 941 3667 optimos
963 3581 1157 3664 imperator,
1207 3578 1360 3661 ticulum,
1389 3583 1478 3668 quod
1506 3584 1734 3647 remissionem
1757 3593 1972 3683 peccatorum
1999 3600 2185 3684 consequa·

175 3664 1156 3831 tttlt‘dtt„iiittittditt'talitali
1205 3667 1911 3838 steteritis.‘'Pittttttt’..tt
1927 3666 2066 3817 ‘linit
2079 3678 2186 3817 itt?
2249 3830 2252 3835 ,

175 3838 306 3905 lniinite
332 3837 398 3903 hoc
423 3837 717 3911 locotestimonia
746 3858 788 3901 ex
809 3837 999 3921 Scriptura,
1027 3857 1070 3902 ex
1096 3836 1156 3902 Pa·
1207 3838 1318 3902 monia
1339 3856 1423 3902 suae
1445 3837 1727 3914 condemnationi,
1755 3772 1797 3901 dt
1817 3857 1940 3921 operae
1965 3838 2112 3923 precium
2134 3848 2188 3903 est

176 3926 307 4004 tribus,
342 3926 446 3988 citare
479 3942 666 4007 possemus.
715 3922 841 3987 Veram
873 3934 907 3986 et
935 3941 1038 4005 supra
1071 3924 1156 3986 satis
1207 3940 1306 3988 vnum
1335 3935 1369 3987 at
1395 3942 1437 3987 ue
1463 3920 1602 3989 alterum
1624 3925 1778 3988 recitare.
1821 3919 1982 4009 Allegant
2011 3944 2052 3988 ex
2074 3924 2188 4008 Petro,

175 4008 280 4078 multa
302 4012 344 4077 de
371 4010 436 4075 hac
457 4029 495 4074 re
523 4009 675 4078 diximus.
719 4006 761 4071 Et
788 4004 871 4071 nihil
900 4026 984 4090 opus
1011 4021 1064 4070 est
1085 4004 1155 4091 plu·
1207 4009 1346 4073 Studete
1371 3943 1505 4072 (drmam
1545 4006 1659 4073 iacere
1692 4008 1902 4073 vocationem
1941 4020 2088 4074 vestram
2120 4022 2186 4075 etc.

176 4098 271 4164 ribus
294 4096 505 4178 testimoniis,
525 4092 586 4173 illi,
630 4095 665 4160 ui
681 4095 752 4159 scit
766 4113 870 4179 quare
882 4089 1036 4156 Christus
1057 4091 1155 4156 nobis
1207 4096 1274 4158 lam
1294 4095 1389 4160 rides
1411 4091 1519 4161 lector
1535 4096 1749 4179 aduersarios
1767 4106 1980 4160 nostrosnon
1999 4095 2187 4179 perdidisse

178 4185 322 4249 donatus
343 4182 483 4267 sit,·qui
505 4181 571 4246 scit
593 4179 621 4245 C
646 4179 759 4244 ristum
782 4198 860 4243 esse
881 4178 1155 4263 propiciationem
1207 4198 1342 4262 operam
1370 4181 1403 4243 in
1433 4180 1592 4246 discenda
1613 4177 1816 4259 Dialectica,
1850 4179 1912 4244 sed
1938 4181 2064 4246 habere
2086 4179 2187 4245 artili-

175 4288 239 4355 pro
260 4269 412 4354 peccatis
433 4268 567 4333 nostris.
614 4264 734 4331 Esaias
756 4265 871 4348 inquit.
903 4262 1020 4329 Posuit
1041 4261 1155 4327 Domi·
1207 4267 1294 4329 cium
1316 4265 1534 4331 ratiocinandi
1549 4272 1589 4343 ¹⁸)
1613 4287 1655 4331 ex
1668 4265 1851 4350 Scripturis
1869 4285 2009 4349 prorsus
2028 4265 2187 4352 quidquid

176 4374 241 4421 nus
263 4355 297 4421 ln
318 4375 360 4420 eo
380 4354 569 4440 iniquitates
591 4353 734 4417 omnium
756 4361 919 4416 nostrum.
958 4348 1153 4434 Aduersarij
1205 4348 1299 4428 libet,
1322 4350 1435 4416 Facite
1456 4351 1582 4417 firmam
1606 4352 1816 4417 vocationem
1833 4364 1991 4431 vestram,
2013 4371 2074 4435 per
2096 4353 2187 4418 bona

177 4453 295 4506 eontra
321 4442 461 4519 docent,
493 4437 603 4503 Deum
629 4457 756 4522 ponere
788 4436 977 4522 iniquitates
1005 4447 1154 4512 nostras,
1206 4456 1319 4521 opera.
1365 4427 1593 4522 litur'opera
1620 4448 1789 4503 merentur
1816 4438 2044 4503 rendssionem
2066 4456 2186 4524 pecca·

176 4546 246 4592 non
277 4528 311 4591 ia
337 4525 493 4602 Christo,
526 4526 587 4589 sed
616 4525 650 4586 in
679 4522 805 4588 nostris
826 4523 1004 4607 operibus.
1038 4521 1154 4607 Neque
1206 4532 1327 4588 torum.
1397 4543 1461 4589 ane
1483 4524 1647 4590 concinna
1669 4523 1731 4588 erit
1751 4524 2021 4608 argumentacic,
2048 4523 2185 4610 Siquis

176 4609 232 4678 hlc
265 4614 377 4677 dicere
408 4608 488 4676 libet
520 4606 633 4697 qualia
664 4629 769 4693 opera
795 4609 949 4673 doceant.
994 4605 1154 4671 Videmus
1207 4611 1257 4672 sic
1279 4609 1495 4675 ratiocinetur
1517 4610 1559 4675 de
1580 4629 1639 4674 reo
1662 4606 1816 4694 capitalis
1832 4628 1979 4694 poenae,
2002 4611 2055 4673 cai
2075 4628 2186 4695 poena

126 4714 129 4719 ·
175 4695 336 4763 horribile
368 4699 535 4762 decretum
569 4709 685 4760 contra
718 4713 781 4759 nos
815 4694 1033 4777 compositum
1066 4711 1154 4770 esse,
1206 4696 1348 4760 remissa
1370 4707 1432 4759 est.
1464 4693 1683 4781 Magistratus
1704 4695 1878 4780 praecipit,
1900 4705 1937 4759 vt
1958 4696 1991 4758 in
2013 4708 2185 4781 posterum

177 4785 266 4870 quod
289 4783 396 4868 magis
417 4792 559 4847 terreret
578 4800 661 4859 nos,
683 4782 712 4845 si
734 4780 776 4845 de
796 4779 977 4865 ambiguis,
999 4788 1056 4842 aut
1074 4774 1154 4842 leui·
1205 4780 1378 4845 abstineas
1410 4783 1455 4845 ab
1487 4778 1608 4846 alieno.
1652 4779 1757 4866 igitur
1788 4800 1849 4864 per
1880 4777 1948 4845 boc
1980 4782 2116 4847 meritus
2146 4801 2184 4845 es

176 4869 241 4935 hus
263 4869 364 4934 rebus
386 4867 671 4933 contenderemus.
713 4866 812 4932 Nunc
834 4884 908 4929 cnm
931 4864 1156 4930 conscientiae
1206 4866 1483 4932 condonationem
1505 4884 1645 4952 menae.
1668 4866 1756 4951 quod
1780 4885 1868 4932 nunc
1890 4869 1932 4932 ab
1955 4864 2065 4933 alieno
2082 4869 2185 4933 absti-

175 4966 315 5020 nostrae
346 4951 536 5038 intelligant
570 4952 720 5017 damnmi
746 4952 789 5014 ab
822 4949 1028 5035 aduersarijs
1052 4950 1154 5014 mani·

177 5039 298 5108 sestam
320 5041 510 5118 veritatem,
533 5038 629 5104 cuius
650 5038 873 5124 propugnatio
894 5032 1070 5102 Ecclesiae
1098 5053 1155 5099 ne·
1206 5036 1224 5050 ‘
1240 5035 1413 5054 “““““

1207 5139 1253 5204 11)
1271 5152 1346 5202 roee,
1363 5147 1392 5189 rt
1408 5140 1521 5207 dicitur,]
1540 5141 1588 5192 Ed.
1607 5141 1648 5191 C:
1665 5155 1730 5192 roae
1748 5139 1791 5207 (ut
1808 5142 1937 5208 dieitarj‘

1110 5211 1112 5217 '
1207 5224 1254 5291 ιι)
1272 5220 1365 5278 som.
1383 5227 1421 5292 ιιι.
1440 5235 1467 5277 a
1482 5225 1543 5293 mi}
1562 5226 1612 5279 aa.
1630 5226 1671 5278 az
1688 5225 1822 5277 mmor
1838 5229 1915 5279 arao
1933 5236 1961 5279 a
1976 5233 2079 5292 qum,

177 5318 226 5385 ιο)
244 5314 314 5386 με]
330 5317 358 5367 ιι
374 5315 425 5368 ιιι.
444 5313 470 5365 a
489 5314 603 5364 man
619 5315 664 5365 a.
1209 5309 1256 5376 ιι)
1274 5310 1459 5379 woman}
1476 5312 1527 5362 aa.
1545 5311 1571 5385 a.
1589 5321 1640 5380 aa
1658 5328 1723 5364 m
1740 5313 1890 5364 amoma

175 5214 383 5235 μ
