4756 6194
112 363 180 452 tta
460 364 501 434 n.
545 364 777 433 aroucam
798 342 1455 432 conressromsaoousrauau.
1500 363 1542 430 a.
1587 360 1780 430 acram.
2066 359 2133 428 no

214 549 292 619 olibi
309 549 436 638 legem,
458 550 538 618 alibi
559 552 801 637 promissiones
824 552 866 616 de
887 548 1040 630 Christo,
1065 562 1125 638 et}
1233 547 1391 617 Profecto
1415 552 1530 616 mirum
1554 561 1606 616 cst
1627 548 1841 614 aduersarios
1869 561 1920 614 tot
1941 546 2023 615 locis
2046 550 2131 616 scri·

91 573 373 705 llilllemissiouc
439 650 631 715 coctorum,
659 638 757 703 etde
779 637 924 722 gratuita
943 648 1098 721 accepta·
1148 646 1265 720 pturae
1286 636 1369 702 nihil
1392 639 1537 713 moueri,
1561 656 1647 722 quae
1668 645 1785 718 aperte
1807 634 1954 701 tribuunt
1975 634 2133 701 iustifica-

113 726 207 789 tione
232 734 370 810 propter
411 721 561 788 ‘hristum
588 724 699 788 tradit.
748 721 873 786 Extant
894 734 927 787 et
949 724 1038 806 apud
1060 722 1097 787 S.
1147 723 1269 786 tionem
1297 721 1387 800 iidei,
1417 733 1451 787 et
1475 723 1607 807 quidem
1630 717 1807 784 detrahunt
1828 720 1998 804 oporibus.
2043 719 2132 786 Num

113 809 236 877 Patres
259 809 402 895 sparsim
419 806 537 873 similia
559 809 757 873 testimonia.
789 806 989 873 Ambrosios
1012 809 1098 872 enim
1148 804 1274 872 frustra
1302 807 1492 872 existimant
1523 808 1624 872 toties
1653 805 1739 869 idem
1766 804 1895 890 repetii
1937 805 2023 872 Num
2046 802 2146 870 arbi·¹

114 896 221 980 inquit
249 897 282 959 in
305 891 455 978 Epistola
480 894 525 956 ad
545 893 696 959 lrcneum
718 893 893 1041 guardam.
937 891 1099 958 Subditns
1148 903 1277 956 trantur
1298 893 1467 957 excidisse
1487 892 1615 976 spiritui
1638 902 1757 955 sancto
1776 911 1843 954 non
1860 891 2133 957 animaduertenti

114 993 226 1046 autom
259 980 400 1044 mundus
425 999 468 1043 eo
497 997 557 1063 per
589 977 699 1064 legem
734 989 830 1042 actus
858 990 927 1049 est,
956 980 1033 1062 quin
1056 997 1099 1041 ex
1148 975 1211 1041 hes
1248 978 1377 1043 voces?
1438 977 1505 1042 Sed
1539 996 1624 1042 exoo
1650 979 1813 1041 'tauerunt
1846 977 1943 1040 etiam
1976 973 2132 1041 canillum

114 1067 325 1149 praescripto
347 1062 433 1149 legis
455 1082 574 1129 omnes
597 1066 853 1139 conueniuntur,
875 1075 909 1128 et
930 1083 971 1127 ex
991 1063 1098 1149 operi-
1149 1081 1216 1147 qno
1238 1061 1396 1140 cludunt,
1418 1063 1531 1127 dicunt
1553 1063 1595 1128 de
1641 1063 1682 1126 de
1705 1058 1845 1124 formata
1867 1062 1975 1146 accipi
1998 1063 2134 1141 debere,

116 1153 181 1216 bus
203 1148 289 1236 legis
311 1169 409 1214 nemo
431 1150 640 1228 iustificetur,
664 1149 699 1213 id
721 1161 785 1225 est,
807 1149 884 1233 quia
905 1168 965 1232 per
989 1146 1099 1234 legem
1148 1148 1217 1213 boc
1238 1160 1301 1225 est,
1324 1168 1393 1212 non
1415 1149 1563 1213 tribuunt
1584 1146 1661 1213 fidei
1677 1143 1954 1224 tusoficouonom,
1975 1149 2038 1212 nisi
2055 1166 2136 1231 pro·

113 1246 290 1385 baccatum
324 1235 560 1319 cognoscitur,
593 1234 655 1298 sed
685 1232 785 1318 culpo
817 1253 885 1297 non
917 1231 1098 1298 relaxatur.
1147 1244 1224 1319 pter
1246 1229 1465 1313 dilectionem,
1487 1235 1553 1298 imo
1575 1252 1715 1317 prorsus
1736 1252 1804 1296 non
1827 1234 1974 1297 tribuunt
1990 1233 2069 1298 lidei
2086 1234 2136 1298 iu·

148 1322 302 1386 idebatur
322 1318 379 1385 lex
399 1320 569 1397 nocuisse,
591 1336 677 1403 quae
695 1337 812 1383 omnes
835 1317 964 1384 fecerat
982 1339 1099 1402 pecca-
1149 1318 1401 1395 stificationem,
1424 1320 1484 1383 sed
1507 1330 1632 1383 tantum
1656 1317 1842 1391 dilectioni,
1865 1318 1942 1464 Ἧιιὶα
1967 1320 2134 1384 somniant

116 1416 227 1484 tores,
250 1406 312 1469 sed
336 1405 474 1470 veniens
495 1402 659 1469 Dominus
684 1402 779 1468 lesus
800 1415 975 1487 peccatum
998 1404 1100 1469 omni·
1150 1404 1250 1469 iidem
1271 1423 1375 1487 posse
1397 1415 1489 1468 stare
1510 1418 1584 1472 cnm
1614 1415 1753 1488 peccato
1776 1415 1882 1467 morta
1899 1404 1920 1466 i.
1966 1403 2135 1476 Quorsum

118 1493 181 1556 bus
207 1490 299 1576 quod
324 1510 423 1554 nemo
444 1499 575 1573 poterat
596 1491 741 1561 euitare,
765 1489 911 1566 donauit,
934 1502 969 1554 et
991 1488 1099 1555 chiro·
1149 1486 1216 1553 hoo
1237 1490 1391 1572 pertinet,
1413 1491 1476 1553 nisi
1495 1501 1530 1554 vt
1551 1490 1806 1573 promissionem
1829 1490 1947 1553 iterum
1965 1486 2134 1567 aboleant,

120 1576 284 1662 grapbum
296 1587 448 1640 nostrum
458 1577 509 1639 sui
518 1576 690 1660 sanguinis
709 1573 871 1639 effusione
883 1573 1013 1639 deleuit.
1025 1576 1101 1639 Hoc
1150 1587 1184 1640 et
1204 1576 1345 1639 redeant
1365 1576 1407 1640 ad
1430 1573 1552 1662 legem.
1597 1573 1634 1639 Si
1657 1573 1741 1638 fides
1765 1575 1888 1658 accipit
1905 1576 2134 1639 remissionem

120 1663 353 1746 estquodait.
376 1659 756 1745 Abundauitpecoatum
766 1657 960 1745 perlegam,
974 1660 1099 1745 Super·
1148 1670 1364 1745 peccatorum
1397 1673 1535 1744 propter
1567 1657 1797 1734 dilectionem,
1831 1678 1965 1743 semper
1990 1663 2053 1724 erit
2086 1662 2134 1723 in·

119 1746 303 1812 abundauit
318 1758 427 1811 autem
445 1746 553 1830 gratia
599 1765 635 1810 er
653 1745 771 1811 lesum.
817 1744 902 1817 Quia
924 1758 1100 1830 postquam
1150 1756 1243 1810 certa
1262 1747 1414 1809 remissio
1436 1758 1665 1830 peccatorum,
1686 1747 1764 1831 quia
1785 1764 1951 1830 nunquam
1969 1743 2135 1830 diligimus

119 1842 211 1897 totus
232 1831 374 1897 mundus
397 1830 549 1895 subditus
567 1767 676 1897 illotus
694 1841 758 1908 est,
779 1831 879 1896 totius
892 1833 1005 1896 mnndi
1023 1850 1100 1915 pec·
1149 1841 1275 1895 tantum
1298 1843 1456 1915 qnantum
1479 1832 1656 1902 debemus,
1685 1832 1751 1896 imo
1774 1851 1841 1894 non
1864 1829 2047 1916 diligimus,
2070 1831 2135 1895 nisi

120 1929 230 1983 catum
247 1915 395 1995 abstulit,
412 1917 500 1980 sicut
517 1916 712 1981 testificatus
728 1916 1099 1981 estlobannesdicens.
1151 1927 1244 1981 certo
1266 1926 1415 1981 statuant
1437 1917 1552 1993 corda,
1581 1917 1670 2001 quod
1692 1916 1814 1980 donata
1835 1916 1879 1979 sit
1901 1918 1999 1980 nobis
2023 1916 2136 1981 remis·

117 2001 210 2067 Ecce
230 2020 340 2088 agnus
359 2000 437 2079 Dei,
457 2019 539 2066 ecce
560 2004 617 2086 qui
639 1999 725 2066 tollit
744 2013 918 2085 peccatum
933 2006 986 2080 ⁸⁶)
1008 2022 1101 2067 mun·
1151 2003 1203 2065 sio
1225 2012 1450 2083 peccatorum.
1480 2001 1529 2066 lta
1552 2002 1736 2087 aduersarij
1760 2002 1836 2064 dum
1857 2002 2030 2086 requirunt
2051 2000 2135 2066 iidu·

118 2087 163 2152 di.
208 2086 250 2151 Et
280 2089 355 2152 ideo
377 2105 475 2151 nemo
499 2084 662 2171 glorietur
684 2088 717 2150 in
739 2088 916 2169 operibus,
945 2088 1022 2173 qnia
1044 2107 1101 2152 nc·
1152 2087 1236 2151 ciam
1257 2088 1413 2169 propriae
1428 2090 1482 2162 ⁶⁷)
1506 2085 1693 2152 dilectionis
1715 2089 1748 2152 in
1761 2087 1958 2151 remissione
1975 2097 2133 2170 peccato·

117 2192 175 2237 mo
196 2169 296 2236 factis
318 2172 389 2238 suls
409 2172 616 2238 iustificetur.
663 2172 732 2237 Sed
754 2174 810 2257 qui
833 2174 941 2237 iustus
963 2186 1026 2250 est,
1044 2171 1101 2237 do·
1151 2190 1224 2235 rum
1244 2182 1278 2235 et
1298 2171 1542 2250 iustificatione,
1555 2170 1773 2257 Euangelium
1791 2173 1833 2236 de
1854 2172 1996 2257 gratuita
2019 2174 2135 2236 remis·

117 2268 232 2322 natum
259 2257 377 2335 habet,
410 2258 487 2342 quia
518 2273 598 2341 post
624 2255 794 2322 laneorum
817 2257 1015 2323 iustificatus
1037 2268 1099 2322 cst.
1151 2259 1247 2320 sione
1273 2269 1486 2340 peccatorum
1510 2275 1650 2342 prorsus
1680 2256 1834 2332 abolent,
1858 2278 1931 2321 curu
1954 2270 2062 2322 tamen
2086 2258 2134 2321 di·

117 2341 219 2408 Fides
241 2363 324 2429 ergo
346 2354 410 2420 est,
427 2363 513 2428 quae
534 2341 655 2408 liberat
673 2362 733 2426 per
751 2345 948 2429 sanguinem
966 2342 1102 2422 Christi,
1150 2341 1327 2408 lectionem
1350 2339 1440 2407 illam
1461 2362 1571 2427 neque
1592 2354 1781 2425 praestent,
1804 2361 1913 2427 nequa
1937 2340 2136 2428 intelligant,

117 2429 196 2578 guia
217 2429 337 2495 beatus
365 2424 422 2493 ille
445 2429 499 2493 cui
526 2440 701 2513 peccatum
723 2429 914 2507 remittitur,
948 2439 982 2492 et
1002 2429 1101 2495 venia
1150 2430 1215 2492 nisi
1238 2428 1376 2492 credant
1399 2430 1504 2513 gratis
1527 2429 1634 2512 accipi
1657 2429 1887 2492 remissionem
1908 2439 2133 2512 peccatorum.

143 2526 275 2581 cuntur.
319 2515 414 2578 llaec
436 2526 513 2578 sunt
534 2514 704 2599 Ambrosij
727 2515 849 2593 verba,
875 2533 962 2600 quae
984 2447 1129 2599 apertel
1237 2512 1309 2576 Nos
1343 2533 1477 2598 quoquc
1499 2514 1658 2589 dicimus,
1689 2513 1779 2597 quod
1807 2512 1939 2578 dilectio
1963 2511 2060 2579 iidem
2083 2532 2133 2578 se·

117 2599 370 2704 patrocinantur
391 2609 527 2663 nostrae
548 2601 751 2677 sentenciae,
780 2598 923 2664 detrahit
945 2601 1102 2683 operibus
1124 2598 1129 2707 j
1151 2599 1209 2684 qni
1242 2597 1379 2676 debeat,
1415 2600 1502 2663 sicut
1528 2609 1562 2662 et
1589 2596 1712 2662 Paulus
1738 2600 1801 2676 ait,
1834 2599 1870 2663 ln
1900 2597 2034 2663 Christo
2057 2598 2141 2664 lesu'

117 2682 416 2788 iustificationem,
437 2695 471 2788 et
499 2685 614 2749 tribuit
645 2684 740 2764 fidei,
772 2686 862 2771 qnod
894 2684 1014 2750 liberet
1040 2705 1102 2768 per
1151 2704 1173 2747 n
1218 2702 1260 2746 ue
1283 2684 1491 2786 circumcisio
1513 2680 1638 2788 aliquid
1660 2681 1763 2761 valet,
1784 2704 1892 2768 neque
1908 2686 2134 2768 praepucium,

119 2766 492 2940 {iiiiiibflliit
515 2767 1101 2940 itiittttddttt‘ttttt
1151 2788 1227 2919 tt,
1246 2767 1660 2938 titattiditttttt
1683 2766 2133 2934 tittnitttoitttt

117 2938 203 3004 Nam
225 2935 283 3021 alij
306 2950 470 3005 vocantur
491 2936 647 3026 angelici,
667 2937 725 3022 ulij
750 2938 902 3021 subtiles,
934 2939 992 3024 alij
1020 2943 1101 3006 irre·
1149 2949 1209 3022 ant
1239 2950 1377 3023 propter
1399 2937 1487 3004 hanc
1520 2938 1732 3005 dilectionem
1759 2941 1962 3023 accipiamus
1990 2939 2134 3004 remissi·

116 3019 314 3109 fragabiles,
342 3023 467 3089 Omnes
495 3025 551 3089 isti
585 3023 664 3090 lecti
691 3037 725 3088 et
747 3024 862 3090 relecti
885 3047 952 3090 non
975 3037 1101 3092 tantum
1152 3043 1250 3088 onem
1271 3035 1488 3107 peccatorum
1516 3035 1551 3090 et
1572 3023 1894 3102 reconciliationem,
1916 3025 2003 3089 sicut
2023 3043 2134 3110 neque

119 3105 294 3177 conferent
315 3110 359 3175 ed
380 3106 632 3195 intelligendum
654 3107 810 3188 Paulum,
843 3122 1002 3196 quantum
1024 3132 1101 3177 con·
1151 3108 1335 3193 accipimus
1379 3111 1607 3175 remissionem
1645 3122 1861 3194 peccatorum
1900 3121 2038 3194 propter
2069 3109 2135 3176 alia

116 3190 183 3258 fert
203 3194 290 3260 baec
312 3215 379 3261 vna
398 3193 568 3276 Ambrosij
592 3196 774 3268 sentencia.
1151 3215 1255 3279 opero
1288 3196 1471 3279 sequentia.
1509 3194 1596 3261 ‘Sed
1629 3193 1703 3259 sola
1737 3194 1803 3261 fide
1836 3206 1870 3260 et
1902 3197 2035 3280 quidem
2067 3196 2135 3262 lide

203 3276 239 3342 ln
266 3281 407 3345 eandem
432 3279 638 3343 sentenciam
664 3277 768 3345 multa
797 3292 916 3347 contra
947 3277 1100 3369 Pelagia·
1149 3280 1285 3366 proprie
1317 3281 1407 3344 diota
1427 3280 1588 3366 accipitur
1607 3281 1762 3346 remissio
1785 3292 2021 3366 peccatorum,
2054 3283 2134 3366 quia

116 3383 180 3431 nos
212 3363 328 3430 scribit
354 3363 584 3451 Augustinus,
630 3365 674 3430 de
706 3365 823 3450 spiritu
863 3379 896 3432 et
924 3366 1021 3431 litera
1049 3367 1101 3432 sic
1149 3367 1328 3515 promissio
1358 3385 1427 3429 non
1453 3377 1566 3451 potest
1594 3367 1701 3450 accipi
1729 3366 1792 3431 nisi
1814 3365 1890 3430 lide.
1940 3365 2002 3430 Est
2022 3377 2131 3430 autem

115 3449 173 3516 ait.
215 3448 295 3516 ldeo
324 3451 457 3536 quippe,
489 3451 687 3533 proponitur
714 3450 846 3517 iusticia
872 3450 976 3539 legis,
1011 3453 1100 3537 quod
1164 3452 1234 3516 'des
1256 3471 1317 3534 pro
1340 3454 1390 3516 rie
1411 3451 1499 3515 dicta
1522 3470 1609 3537 qnae
1637 3454 1818 3516 assentitur
1838 3451 2063 3534 promissioni,
2086 3451 2131 3517 de

116 3535 173 3620 qni
205 3531 323 3601 lecerit
361 3555 453 3612 eam,
486 3534 577 3601 viuet
608 3537 642 3601 ln
682 3532 762 3614 illa,
821 3550 858 3602 vt
900 3559 976 3603 cnm
1010 3540 1099 3623 quis·
1148 3535 1215 3601 hac
1237 3536 1303 3600 fide
1320 3473 1470 3621 loquitur
1491 3536 1679 3620 scriptura·
1710 3535 1751 3600 Et
1773 3536 1850 3621 quia
1871 3537 1991 3620 accipit
2012 3537 2130 3600 remis·

114 3639 180 3705 qne
213 3618 436 3686 infirmitatem
464 3636 559 3684 snam
587 3621 800 3724 cognouerit,
833 3643 900 3688 non
934 3643 996 3705 per
1017 3643 1098 3687 suas
1149 3623 1278 3701 sionem
1307 3626 1539 3704 peccatorum,
1565 3632 1599 3685 et
1620 3618 1813 3684 reconciliat
1834 3639 1897 3684 nos
1919 3620 2012 3701 llec,
2034 3622 2129 3706 prius

113 3704 213 3778 ubas,
245 3725 353 3791 neque
385 3701 595 3788 perlitatum
632 3707 738 3790 ipsius
768 3704 872 3792 legis,
926 3708 993 3773 uod
1027 3708 1099 3773 lieri
1148 3707 1214 3771 hac
1236 3705 1303 3769 lide
1331 3707 1411 3770 iusti
1444 3716 1634 3789 reputamur
1655 3718 1792 3790 propter
1814 3704 1996 3784 Christum,
2029 3728 2129 3793 quam

113 3808 183 3855 non
205 3801 329 3873 potest,
349 3789 419 3854 Sed
440 3808 500 3874 per
521 3787 620 3854 iidem
639 3729 1098 3871 concilionsiustlloatorem,
1150 3789 1329 3875 diligimus,
1346 3809 1388 3856 ac
1409 3788 1517 3875 legem
1531 3787 1685 3866 facimus,
1708 3801 1740 3855 et
1763 3792 1792 3854 si
1807 3794 2001 3856 necessario
2019 3793 2131 3880 sequi·

112 3874 302 3961 perueniat,
329 3884 364 3938 et
384 3872 503 3950 iaciat,
527 3887 562 3938 et
588 3874 680 3939 vinat
700 3876 736 3939 in
766 3895 819 3951 ea,
834 3879 901 3954 ⁶⁶¹)
931 3877 1025 3958 Opus
1048 3897 1099 3941 re·
1148 3887 1204 3942 tur
1225 3873 1366 3938 dilectio.
1410 3876 1526 3961 Neque
1544 3895 1623 3940 vero
1648 3874 1733 3941 haec
1754 3875 1839 3942 tides
1857 3889 1910 3942 est
1931 3879 2047 3944 ociosa
2068 3898 2129 3942 nc·

113 3971 215 4108 ctumfi
232 3957 323 4045 quod
345 3961 403 4106 (lui
423 3957 559 4036 iecerit,
579 3959 671 4025 vinet
692 3960 726 4024 ln
748 3980 801 4032 eo,
822 3980 889 4025 non
912 3961 960 4032 iit,
982 3961 1045 4024 nisi
1064 3962 1098 4024 in
1149 3962 1247 4037 ticia,
1276 3980 1340 4024 nec
1366 3973 1480 4043 potest
1507 3974 1598 4026 stare
1627 3982 1702 4027 cum
1729 3973 1873 4048 peccato
1894 3960 2045 4040 mortali,
2066 3965 2129 4030 sed

112 4046 124 4109 i
168 4046 192 4109 ti
273 4063 305 4108 o.

22 4142 30 4158 ·
111 4063 176 4196 Iliso
198 4055 290 4195 effic
318 4129 397 4194 dicit
418 4127 668 4194 iustificetorem
689 4128 756 4196 lida
775 4129 966 4208 conciliari,
995 4141 1029 4195 et
1051 4133 1096 4196 iu·
1170 4151 1215 4198 uo
1238 4131 1410 4216 eriguntur
1433 4145 1465 4196 et
1483 4132 1695 4198 viniiioentur
1709 4130 1969 4218 perterrefactus
1985 4145 2129 4198 mentes·

112 4214 346 4280 runcationem
380 4214 446 4279 lide
476 4214 656 4299 impetrari.
712 4213 756 4280 Et
782 4213 884 4300 paulo
935 4227 1000 4282 ost.
1044 4214 1097 4281 Ex
1118 4158 1124 4329 l
1146 4151 1189 4280 lt
1210 4216 1289 4300 qnia
1310 4216 1386 4281 sola
1406 4215 1491 4282 liaeo
1514 4216 1599 4281 tides
1622 4219 1742 4303 accipit
1763 4218 1993 4284 remissionem·
2009 4222 2129 4304 peccel

111 4296 189 4387 lege
220 4301 372 4367 timemus
401 4298 522 4377 Deum,
555 4321 596 4365 ex
623 4298 691 4365 fide
719 4320 894 4386 speramns
911 4238 949 4367 ln
972 4299 1094 4379 Deum,
1146 4314 1268 4379 torum,
1292 4315 1325 4367 et
1346 4303 1455 4367 reddit
1475 4321 1539 4366 nos
1562 4315 1722 4388 acceptos
1738 4303 1838 4381 Deo,
1858 4314 1892 4368 et
1914 4286 2011 4368 affert
2031 4305 2129 4389 spiri

112 4387 174 4451 scd
196 4385 386 4452 timentibus
407 4404 549 4472 poenam
571 4386 789 4453 absconditur
806 4389 925 4473 gratim
946 4389 1009 4451 sub
1028 4405 1095 4472 quo
1146 4398 1215 4452 tum
1236 4401 1400 4465 sanctum,
1416 4391 1470 4465 ⁶⁸)
1503 4390 1628 4453 rectius
1655 4390 1769 4454 vocari
1798 4389 1907 4474 gratia
1928 4399 2058 4475 gratum
2080 4388 2128 4470 fa·

110 4472 229 4537 umora
248 4473 357 4538 anima
377 4468 539 4537 laborans
561 4483 625 4537 etc.
653 4491 715 4557 per
735 4470 835 4537 iidem
858 4468 1030 4558 confugiat
1051 4473 1095 4536 ad
1144 4474 1237 4538 cicun
1257 4483 1407 4557 poterat,
1428 4493 1527 4557 quam
1549 4472 1687 4539 allectus
1710 4492 1868 4559 sequens,
1900 4471 2057 4540 videlicet
2078 4472 2128 4541 di&

111 4557 372 4622 misericordiam
399 4554 483 4635 Dei,
509 4568 546 4622 vt
573 4558 629 4622 det
651 4557 741 4642 quod
762 4558 864 4623 iubet.
909 4556 972 4622 Hic
995 4556 1095 4622 docet
1144 4555 1257 4625 lectio.
1301 4558 1471 4623 Hactenus
1493 4561 1577 4623 satis
1599 4563 1738 4643 copiose
1755 4560 1961 4644 ostendimus
1984 4572 2020 4626 et
2037 4562 2128 4647 tostii,

111 4639 188 4729 lege
209 4643 325 4707 terreri
355 4643 478 4719 corda,
510 4641 576 4707 lide
608 4655 719 4707 autern
753 4638 1019 4708 consolationem
1041 4662 1093 4707 ca·
1143 4645 1263 4731 monijs
1281 4645 1478 4728 scripturae,
1499 4657 1532 4709 et
1554 4646 1759 4732 argumentis
1783 4664 1825 4710 cx
1844 4644 2022 4728 eruptura·
2037 4652 2128 4712 sum-²

111 4748 210 4812 pere,
244 4740 278 4792 et
300 4726 400 4792 docet
420 4728 514 4811 prius
541 4726 609 4794 lide
630 4727 883 4812 apprehendere
908 4728 1092 4792 misericor·
1142 4732 1225 4812 ptis,
1254 4741 1290 4794 vt
1311 4746 1368 4793 res
1389 4730 1496 4814 magis
1515 4722 1612 4795 flaret
1633 4727 2038 4817 perspicuo,'qaod2sole
2051 4730 2129 4798 lille

112 4812 217 4965 diffie,
249 4831 349 4963 qutm
372 4808 489 4963 lffim
517 4810 637 4964 iffi
659 4832 825 4880 conemur.
871 4811 1093 4879 Recitabimus
1143 4815 1378 4898 consequimur
1398 4815 1627 4880 remissionem
1644 4827 1857 4898 peccatorum
1876 4815 2013 4904 propter
2027 4805 2128 4883 curti

112 4918 155 4984 pn
192 4916 300 4981 opos
335 4908 369 4963 et
433 4917 455 4962 a
475 4916 543 4982 qua
639 4941 648 4960 .
1779 4927 1786 4938 ·

1143 5082 1192 5170 8⁷)
1209 5103 1343 5170 propriae]
1363 5104 1445 5156 Editt.
1465 5107 1557 5158 ΗΛ
1574 5106 1681 5172 propria
1821 5095 1841 5141 κ’
1864 5104 1885 5153 2-
2001 5114 2018 5137 ¹³
2096 5104 2109 5139 '⁴

113 5171 162 5240 ω)
178 5173 326 5240 ΝΜ]
342 5171 393 5224 uu
410 5174 452 5224 ⁴·²
469 5177 577 5237 tw·
1112 5222 1120 5293 ἒ
1143 5188 1192 5254 tt)
1211 5197 1237 5272 aa
1254 5187 1331 5241 uffan
1346 5193 1468 5256 spiritua
1485 5181 1622 5257 motam]
1639 5190 1723 5244 tidttt.
1740 5186 1833 5245 s-s'n
1851 5181 1884 5244 s's
1894 5179 2126 5275 nstttwiii}

112 5256 525 5326 “omnam-minu·
1212 5262 1616 5326 mmmmmqsslllm
1647 5282 1721 5311 tus-¹
1746 5280 1770 5311 '11
1797 5286 1828 5314 ι..
1885 5284 1959 5319 ,ηε
2005 5284 2012 5305 t
2080 5266 2121 5309 tl'·

376 4042 555 4110 ustilicatio
582 4055 694 4110 autem
720 4065 764 4110 ex
789 4044 863 4109 tide
892 4046 933 4109 im
959 4057 1096 4111 stratur.
1148 4059 1201 4110 est
1229 4066 1313 4129 opus
1348 4047 1485 4130 spiritus
1513 4048 1638 4124 sancti,
1671 4067 1738 4132 quo
1767 4045 1946 4112 liberamur
1966 4058 1987 4113 a
2009 4059 2129 4129 morte,
2251 4130 2258 4138 -
