4786 6210
225 432 319 523 ,aas
702 407 1816 499 aninum.scermnnoensbronersrneomca
2194 400 2266 497 sto

337 620 419 704 (sci.
436 616 507 696 38⁸)
536 618 571 680 ln
598 616 753 681 Numeris
782 635 855 701 cap.
884 611 1046 681 xxvffl0
1071 617 1230 681 describi·
1253 651 1260 746 Ι
1282 617 1360 697 (Ῐοὶ.
1402 616 1475 695 393)
1515 615 1589 682 lioc
1628 616 1828 683 sacrificium

252 721 307 777 tur
328 709 406 793 iuge
427 701 647 782 sacrificium,
669 701 887 769 Cremabatur
915 720 1023 786 agnus
1055 712 1088 766 et
1116 700 1231 767 offere
1282 705 1465 789 gratiarum
1487 705 1628 768 aetionis
1650 723 1720 768 sem
1746 705 1837 769 erin
1890 702 2016 769 eclesia
2042 724 2179 770 manere
2208 707 2264 773 de·

253 797 353 861 betur
375 786 483 856 simila
505 807 692 874 conspersa
713 785 802 867 oleo,
825 787 1020 855 Accedebat
1042 800 1075 853 et
1101 785 1230 869 libatio,
1283 792 1350 856 bet.
1394 787 1592 855 Ceremonie
1613 787 1688 875 ipsa
1711 726 1784 854 elne
1806 789 1959 855 doctrina
1981 801 2036 854 eet
2057 801 2158 858 muta.
2174 797 2228 867 ⁸2)

254 892 348 945 certa
369 878 437 943 viui
464 895 629 941 mensure.
676 873 768 940 Haec
796 878 987 940 ceremonia
1010 886 1082 940 erat
1113 894 1232 961 perpe·
1368 876 1464 953 Nune
1496 876 1594 960 igitur
1627 876 1894 954 considerarem,
1934 878 2000 942 etri
2034 875 2192 943 aboleant
2206 882 2263 958 33)

252 976 320 1033 tua.
364 963 439 1035 Qua
460 964 490 1026 si
513 963 586 1046 quie
610 961 788 1024 contendet
802 965 855 1038 33)
878 961 1059 1047 significari
1080 960 1231 1039 Missam,
1282 965 1361 1048 iuge
1401 961 1612 1027 sacrificium.
1666 959 1886 1049 Euangeliut'n
1918 963 2007 1045 apud
2047 963 2264 1031 aduersarios

252 1071 321 1116 uon
344 1046 442 1114 valde
464 1048 742 1132 repugnabimus,
765 1047 795 1109 si
817 1057 928 1111 tamen
958 1059 1062 1112 totam
1090 1046 1230 1111 Missam
1282 1049 1491 1133 paucissimis
1514 1044 1599 1113 locis
1622 1048 1772 1113 docetur.
1809 1049 1844 1110 in
1867 1044 1978 1112 nnrltis
2001 1050 2132 1134 magnis
2154 1052 2266 1136 regio·

253 1133 502 1221 complectetur,
522 1133 590 1198 hoo
607 1143 671 1211 est,
694 1131 840 1197 Coenam
867 1131 1003 1197 Domini
1033 1154 1109 1198 cum
1136 1153 1232 1217 prae·
1282 1136 1380 1200 nibus
1409 1130 1480 1196 fere
1513 1145 1583 1197 toto
1598 1153 1710 1197 »anno
1733 1132 1845 1199 nullae
1875 1134 1958 1198 fiunt
1985 1137 2176 1200 conciones.
2221 1136 2266 1203 Et

252 1224 418 1290 dicatione
439 1220 551 1296 verbi,
582 1238 668 1303 quae
694 1218 807 1283 addita
834 1230 886 1283 est
914 1218 992 1284 huic
1020 1219 1232 1296 cerimoniae,
1283 1241 1357 1286 cnm
1380 1218 1473 1298 fiunt,
1490 1220 1649 1284 recitatur
1670 1221 1832 1309 somniurp
1855 1219 1997 1285 alicuius
2019 1221 2186 1301 monachi,
2206 1236 2266 1291 ant

252 1310 348 1377 Sicut
385 1302 510 1370 Paulus
543 1305 664 1389 inquit,
698 1303 838 1375 Quoties
861 1306 1072 1371 comederitis
1111 1324 1231 1389 panem
1282 1307 1312 1371 si
1335 1306 1413 1392 quid
1432 1316 1484 1369 est
1500 1305 1632 1384 melius,
1655 1307 1852 1391 proponitur
1871 1304 1983 1391 aliqua
2006 1305 2112 1371 ciuilis
2134 1321 2267 1376 senten·

251 1393 341 1461 hune
364 1387 553 1456 etcaltcem
574 1388 665 1455 hunc
692 1389 830 1470 bibetis,
847 1394 900 1469 33)
927 1402 1067 1457 mortem
1094 1389 1231 1455 Domini
1282 1394 1392 1456 ciaet
1421 1388 1644 1476 philosophia.
1687 1390 1741 1455 De
1764 1390 1915 1469 Christo,
1945 1393 1987 1455 de
2020 1391 2086 1456 fide
2109 1393 2140 1456 in
2169 1393 2266 1460 Chri·

252 1479 462 1547 annunciate,
486 1476 594 1540 donec
616 1476 756 1541 venerit.
1282 1489 1389 1555 stum,
1408 1471 1507 1580 quod·
1528 1497 1588 1561 per
1614 1475 1708 1541 illum
1735 1477 1919 1543 babeamus
1947 1474 2115 1561 placatum
2143 1477 2265 1563 Deum,

341 1589 385 1652 Vt
413 1589 515 1674 igitur
541 1587 618 1651 istic
645 1600 717 1651 erat
750 1597 911 1672 perpetua
943 1588 1105 1673 quaedam
1140 1606 1231 1651 cere·
1283 1564 1375 1651 (iuod
1405 1583 1467 1646 1333
1499 1560 1589 1628 filum
1621 1565 1834 1663 ,3333333333
1868 1583 1888 1627 3
1919 1560 1992 1628 ⁰⁰⁰
2019 1566 2129 1668 ⁰1¹{ssla
2162 1568 2264 1673 39119,

251 1676 381 1753 monia,
428 1693 493 1739 nee
515 1683 549 1737 et
571 1674 599 1736 si
626 1672 800 1750 niiicabat,
829 1685 1004 1738 venturum
1031 1692 1110 1737 esse
1136 1671 1231 1737 Cbri·
1283 1668 1370 1754 ”⁰¹¹⁶
1385 1660 1524 1753 propter
1550 1660 1665 1752 ¹l¹⁰rl⁸³
1691 1661 1826 1728 ¹¹⁰⁵irt²2
1854 1649 2097 1754 9393630310
2126 1648 2202 1756 fidet
2231 1675 2266 1717 111

251 1773 342 1828 stum
364 1696 505 1827 athone
525 1780 593 1844 pop
631 1780 684 1822 um
702 1759 895 1823 duraturum
912 1778 1002 1838 esse,
1019 1756 1232 1824 donecChri-
1284 1737 1436 1801 omnibus
1455 1732 1708 1814 afflictionibus,
1737 1737 1779 1801 de
1796 1757 1858 1799 sua
1889 1755 2048 1822 curesque
2075 1750 2266 1818 vocatione,

252 1859 327 1913 ms
349 1857 557 1923 „ascopemr'
578 1842 627 1908 lm
649 1863 713 1909 Μ,
733 1842 894 1910 habemus
917 1844 1064 1909 coenam
1085 1842 1232 1920 pompm,
1288 1823 1328 1886 de
1350 1822 1499 1899 caritate,
1522 1822 1564 1885 de
1587 1821 1640 1885 bis
1662 1824 1764 1888 rebus
1787 1823 1831 1886 ibi
1853 1822 2020 1886 minimum
2036 1822 2186 1903 docetur,
2208 1826 2266 1889 vbi

254 1934 345 2020 quod
359 1936 412 2009 rr)
434 1941 527 1996 recte
548 1941 688 1996 vocam„
707 1943 876 1996 ,eternum
894 1941 1137 2008 testamentum,
1155 1932 1233 2015 qui,
1283 1905 1460 1993 plurimum
1487 1919 1539 1970 est
1572 1903 1738 1974 venalium
1768 1908 1956 1972 missarum.
2005 1908 2138 1972 interim
2172 1929 2265 1975 cere·

254 2030 413 2096 testatur,
447 2014 617 2082 Christum
645 2017 843 2100 apparuisse
874 2028 908 2080 et
932 2037 1001 2080 110„
1015 2016 1068 2093 ae)
1101 2028 1234 2081 restam
1282 1993 1394 2058 monia
1415 1993 1563 2058 institute
1584 2006 1721 2143 propter
1742 1992 2022 2078 praedicationem
2053 1995 2094 2058 de
2116 1992 2264 2077 Christo,

253 2124 377 2171 nouum
397 2100 489 2167 aliud
512 2104 665 2180 verbum,
689 2103 779 2187 quod
802 2103 925 2167 mundo
947 2098 1043 2167 Deus
1067 2105 1231 2167 missurus
1285 2076 1455 2143 3333333333
1476 2078 1556 2161 (fol.
1606 2078 1656 2156 pc)
1682 2081 1725 2144 ad
1752 2077 1851 2145 allum
1880 2100 1996 2158 Vsum,
2028 2091 2064 2142 Vi
2097 2092 2267 2148 mereatur

224 2195 307 2256 rsit.
351 2189 395 2254 lit
417 2186 584 2275 significat
606 2188 673 2252 hoc
692 2208 817 2253 nouum
846 2198 1079 2253 testamentum
1109 2201 1142 2252 et
1169 2187 1231 2253 Ee·
1284 2158 1360 2246 3Ῑῇ3
1375 2168 1429 2240 ³⁴)
1457 2166 1598 2249 3333333
1635 2183 1677 2230 0³
1705 2184 1807 2248 313333
1836 2175 1985 2249 3333333·
2031 2164 2267 2232 1333333333

1859 617 2118 768 ἓταεᾱίοαῐὶοηίε
2134 621 2187 697 33)
2228 631 2264 686 et

253 2273 391 2342 alesiam
412 2294 546 2358 semper
568 2293 757 2340 mansuram
779 2292 866 2339 esse.
916 2315 918 2319 -

337 2386 420 2468 (fel.
451 2385 523 2460 383)
558 2386 627 2450 Sed
666 2387 710 2450 ad
743 2386 964 2450 ceremoniam
996 2384 1150 2449 addenda
1181 2395 1234 2448 est

151 2528 156 2545 ,.
252 2472 457 2560 praedicatio
489 2469 683 2558 Euangelij,
717 2490 778 2555 per
805 2491 903 2555 quarn
930 2470 1112 2535 innotescit
1139 2466 1234 2534 Chri·

252 2570 327 2625 stus
347 2567 379 2622 et
401 2567 587 2622 mactantur
617 2556 767 2635 hostiae,
799 2568 832 2620 et
861 2567 964 2642 agunt
991 2555 1118 2641 gratias
1145 2553 1233 2633 Deo,

253 2656 287 2710 et
307 2641 444 2709 laudant
464 2641 585 2708 Deum.
624 2641 717 2706 Haec
742 2653 820 2708 sunt
842 2640 1009 2706 sacrificia
1030 2642 1110 2706 noui
1131 2651 1233 2705 testa·

252 2729 364 2796 menti.
408 2727 495 2793 Nam
521 2729 680 2793 crematio
709 2730 787 2814 agni
814 2726 982 2812 siguificat
1008 2726 1234 2792 mortificatio·

254 2834 332 2881 nem
360 2812 484 2879 Christi
517 2825 549 2878 et
577 2815 721 2878 omnium
749 2814 971 2879 membrorum
998 2815 1088 2889 eius,
1119 2810 1235 2877 Simile

252 2899 518 2978 viaiticatiouem,
540 2917 627 2984 quse
647 2898 685 2964 tit
706 2918 766 2983 per
794 2897 894 2964 fidem
922 2899 957 2964 in
983 2900 1234 2983 praedicatione

252 2987 494 3072 poenitenciae,
515 2983 648 3050 libatio
737 2986 856 3050 tiarum
880 2985 1046 3049 actionem
1075 2995 1108 3049 et
1138 3003 1234 3070 prae·

254 3073 464 3138 demonem.
480 3075 534 3147 33)
577 3069 649 3135 iias
699 3072 806 3136 ostias
834 3070 1035 3156 significauit
1055 3067 1138 3135 illud
1159 3089 1235 3155 sps·

255 3155 422 3225 ctaculnm
443 3157 626 3222 exhibitum
646 3158 686 3222 iu·
701 3155 791 3244 lege,
815 3154 969 3223 videlicet
984 3166 1161 3242 postquam
1178 3176 1236 3241 ap·

254 3244 422 3330 paruisset
440 3241 614 3322 Christus,
628 3260 821 3310 mensurum
837 3245 872 3309 in
882 3244 1006 3309 mundo
1016 3239 1236 3326 Euangeiium

255 3341 291 3401 et
311 3340 470 3414 perpetuo
493 3328 679 3396 docendum
701 3349 791 3405 esse,
815 3340 851 3394 vt
869 3329 1011 3395 subinde
1032 3326 1134 3411 aliqui
1157 3347 1237 3394 oon«

256 3426 430 3485 uertentur
449 3425 484 3480 et
505 3413 587 3481 iiant
607 3413 740 3482 hostiae
761 3412 856 3492 Deo,
884 3424 918 3478 et
944 3413 1110 3498 accipiant
1136 3412 1237 3481 vitem

254 3512 439 3580 aeternam,
459 3511 494 3566 et
515 3510 616 3586 egent
638 3502 766 3587 gratias
787 3498 875 3577 Deo,
897 3512 931 3564 et
951 3496 1091 3565 laudent
1112 3495 1235 3576 Deum,

208 3662 215 3673 ‚
255 3598 290 3652 et
322 3597 500 3658 testentur,
533 3589 624 3671 quod
663 3607 744 3652 vera
782 3586 827 3652 sit
863 3583 1040 3671 Euangelij
1074 3583 1237 3663 doctrina,

255 3674 345 3757 quod
380 3692 461 3737 vere
493 3671 590 3738 Deus
624 3675 790 3738 irascatur
823 3671 992 3756 peccatis,
1032 3671 1123 3754 quod
1155 3689 1237 3734 vere

255 3757 410 3823 inescat
433 3757 665 3837 credentibus,
695 3777 777 3823 vere
799 3757 974 3834 exaudiat,
1006 3775 1086 3821 vere
1115 3753 1236 3820 saluet.

285 3855 299 3908 t
319 3843 386 3908 boc
407 3844 596 3908 testimonio
617 3842 704 3911 alim
726 3844 770 3908 ad
788 3842 991 3911 credendum
1017 3842 1167 3907 innitent.
1182 3844 1236 3921 33)

257 4169 305 4234 tt)
323 4169 473 4235 contendet]
497 4168 632 4221 odota:
650 4169 785 4220 contendit

257 4254 305 4321 te)
323 4253 436 4319 bibetis]
454 4252 586 4305 Onold.=
606 4255 733 4319 biberitis,

257 4339 305 4408 ii)
323 4340 405 4407 quod]
418 4338 485 4390 'benc
502 4355 585 4394 seems
602 4339 740 4411 ‹poprcfi
755 4340 855 4409 epatre.
875 4337 1074 4389 Melanthea
1093 4337 1193 4400 datae,
1213 4344 1236 4390 et

319 4411 590 4543 {gysphinlgffins
606 4411 720 4480 scriptiis
739 4424 819 4476 quae,
840 4408 916 4459 denti
933 4408 1006 4461 αίαηι
1029 4408 1056 4457 in
1074 4406 1193 4487 Quold.
1213 4413 1236 4459 et

1285 2251 1482 2334 abrogatum
1496 2254 1549 2325 33)
1573 2251 1650 2335 iuge
1667 2251 1886 2330 sacrificium,
1908 2252 1965 2315 vbi
1987 2250 2153 2336 legitimus
2180 2270 2264 2317 vsus

1285 2337 1485 2502 {aaramffid
1506 2354 1688 2421 peruersus
1710 2349 1772 2416 est,
1794 2348 1828 2402 et
1849 2338 2045 2403 conticescit
2057 2337 2265 2420 praedicatio

1314 2441 1538 2572 uan'lgaeliseot
1556 2516 1664 2570 status
1686 2508 1719 2571 in
1747 2505 1806 2572 illo
1833 2526 1938 2594 regno
1968 2504 2180 2587 Pontificum,
2208 2509 2266 2594 qui

1286 2593 1439 2659 doctrina
1460 2590 1637 2679 Euangelij
1661 2603 1718 2658 aut
1738 2590 1925 2680 negligunt,
1946 2605 2004 2659 aut
2027 2595 2125 2658 etiam
2146 2613 2263 2678 perse·

1286 2689 1431 2765 quuntur
1448 2690 1482 2742 et
1504 2676 1616 2743 delere
1639 2689 1812 2744 conantur.
1828 2684 1881 2758 33)
1915 2676 1959 2743 Et
1979 2689 2058 2746 sunt
2074 2677 2140 2744 alia
2159 2678 2266 2746 multe

1358 3005 1376 3039 a
1393 2986 1612 3038 Meleutbone
1629 2989 1657 3038 s's
1674 2986 1780 3037 Gueli.
1797 2987 1825 3036 ia
1841 2989 1954 3055 muryine
1978 2990 2077 3040 sinistro
2101 2968 2189 3040 addita
2212 2998 2268 3056 est;

1358 3056 1477 3108 Ouold.
1492 3073 1541 3123 pro
1559 3058 1765 3121 praedicatione,
1783 3055 1836 3106 fide
1858 3054 1945 3109 tate:
1968 3059 2166 3123 praedicacioua
2189 3059 2268 3126 fidei)

1357 3132 1383 3175 et
1401 3127 1547 3191 graciarum
1565 3127 1676 3176 actione.
1694 3123 1744 3177 Ro.
1765 3125 1805 3176 lb.
1826 3134 1854 3175 vt
1877 3129 1926 3177 eim
1948 3130 2066 3178 minister
2088 3127 2147 3176 Iesu
2170 3126 2271 3178 Christi

1356 3195 1425 3245 iuter
1442 3203 1542 3260 gentes,
1559 3195 1710 3246 sacrificans
1731 3197 1903 3260 Euangelium
1926 3197 1983 3263 dej,
2004 3203 2034 3246 rt
2057 3195 2209 3260 (Occide
2228 3198 2270 3262 et)

1356 3263 1404 3314 hat
1430 3264 1534 3315 oblaoio
1562 3266 1679 3329 gentium
1705 3273 1827 3329 accepta,
1857 3265 2018 3317 sanctificata
2045 3267 2139 3329 spiritu
2166 3273 2269 3316 sancto.

1358 3335 1393 3385 Et
1409 3334 1504 3399 Philip.
1524 3335 1548 3383 2.
1585 3333 1638 3383 Sed
1657 3341 1684 3382 et
1701 3335 1725 3384 si
1743 3333 1869 3399 (Chytr.
1890 3343 1916 3383 et
1934 3336 1998 3398 ego)
2018 3336 2139 3385 immolor
2161 3345 2270 3403 propter

1358 3403 1474 3453 hostiam
1497 3410 1523 3451 et
1544 3401 1700 3457 sacrificium
1722 3401 1783 3452 fidei
1807 3410 1917 3454 vacuae.
1957 3403 2026 3452 Nam
2052 3405 2180 3452 crematio
2205 3404 2271 3467 agni

1356 3472 1487 3534 significat
1515 3468 1744 3521 mortificationem
1772 3470 1869 3520 Christi
1898 3478 1925 3519 et
1951 3473 2066 3520 omnium
2093 3472 2271 3523 membrorum

1358 3542 1424 3590 eius.
1459 3537 1552 3589 Simile
1568 3540 1792 3600 Viuiiicationem,
1816 3553 1882 3604 quae
1899 3540 1929 3588 iit
1945 3554 1992 3604 per
2013 3539 2093 3588 fidem
2115 3542 2142 3588 in
2165 3542 2270 3605 praedi·

1358 3610 1462 3659 catione
1479 3609 1670 3671 poenitenciae.
1689 3606 1815 3672 (Chytr.
1830 3622 1893 3673 pro:
1911 3608 1939 3657 in
1956 3610 2045 3672 praed.
2063 3611 2163 3672 poenit.
2183 3606 2267 3661 babet:

1357 3679 1384 3726 in
1402 3677 1598 3742 praedicatione
1610 3676 1757 3739 Euangeiii,
1776 3691 1842 3738 quae
1853 3677 2001 3727 consolatur
2019 3679 2193 3727 conscientias
2211 3693 2270 3742 per-

1356 3744 1505 3796 terrefactus
1528 3746 1726 3810 praedicatione
1749 3746 1948 3812 poemtentiae.)
1971 3745 2095 3807 Libacio,
2120 3748 2269 3810 graciarum

1357 3816 1487 3865 achonem
1506 3821 1532 3863 et
1549 3814 1775 3881 praedicationem.

1288 3900 1336 3966 31)
1353 3897 1567 3968 praedicationis]
1600 3899 1796 3950 Melanthea
1822 3906 1882 3965 post
1906 3898 1970 3949 banc
1995 3914 2076 3950 nocem
2102 3901 2129 3949 in
2161 3897 2268 3951 Guelf.

1357 3983 1435 4036 supra
1452 3968 1539 4018 dueum
1557 3967 1704 4034 adscripsit:
1722 3967 1792 4033 iidej,
1803 3966 2092 4033 quamobrenOnold.
2112 3975 2136 4023 st
2153 3966 2268 4033 Chytr.

1355 4038 1383 4086 s'e
1399 4044 1469 4090 textu
1486 4035 1587 4089 babent:
1600 4036 1804 4100 praedicationis
1819 4036 1881 4087 fidei
1905 4050 1907 4054 ·

1287 4120 1336 4190 33)
1356 4132 1394 4172 est
1411 4121 1505 4191 muta]
1518 4129 1574 4189 post
1593 4121 1653 4171 base
1669 4119 1745 4172 verta
1762 4122 1789 4169 in
1808 4121 1920 4185 Chytr.
1944 4123 2035 4188 lapitas
2052 4120 2097 4172 loc
2114 4121 2269 4174 additamen-

1356 4196 1420 4240 tum:
1439 4191 1548 4241 Veteres
1569 4191 1685 4241 Coenam
1703 4190 1812 4239 Domini
1829 4190 2019 4242 Eucharistiam
2042 4200 2218 4253 uocauerunt,
2240 4199 2270 4240 vt

1357 4258 1544 4322 significarent,
1562 4257 1631 4308 hanc
1650 4261 1823 4308 ceremoniam
1841 4259 1987 4310 instinctam
2006 4275 2075 4322 esse,
2094 4267 2122 4308 vt
2139 4259 2176 4311 ibi
2194 4274 2270 4323 prae-

1356 4327 1506 4378 dicarentur·
1524 4327 1651 4377 beneficis
1668 4327 1765 4377 Christi
1783 4335 1810 4377 et
1827 4330 1989 4392 erigerentur
2005 4330 2116 4393 panitiae
2134 4330 2270 4379 conscien-

1356 4396 1417 4456 tiae,
1435 4404 1461 4445 et
1478 4396 1675 4446 confirmaretur
1692 4397 1798 4459 fiducia,
1810 4398 1915 4460 cognita
1929 4399 2082 4448 remissione
2090 4408 2270 4462 peccatorum,

1355 4472 1382 4514 et
1400 4466 1529 4530 aperiatur
1547 4468 1639 4528 gratie.

256 4560 305 4630 aa)
321 4559 386 4644 non]
403 4562 466 4635 tan,
483 4579 564 4617 „mm
580 4563 777 4615 mlum„
799 4558 959 4615 saonen,
982 4576 1059 4628 „pm
1078 4560 1166 4611 lim„
1190 4560 1235 4611 aa.
1286 4548 1334 4619 33)
1354 4551 1489 4617 aboleant]
1506 4550 1632 4602 Foerst.
1651 4552 1678 4601 is
1695 4547 1809 4615 scedd.
1825 4547 1925 4603 Codicis
1942 4549 2053 4602 Gueii.
2065 4550 2137 4618 salso
2155 4549 2267 4604 celibes:

325 4634 436 4707 empsit.
503 4684 514 4704 ·,
541 4644 545 4653 ¹

1355 4620 1480 4672 obolesnt

257 4717 305 4785 te)
321 4717 390 4769 biam
407 4720 534 4772 crematio
553 4719 616 4783 agni
631 4682 709 4765 ὦ·
724 4719 855 4771 actionem
872 4724 899 4767 et
915 4711 1158 4836 praedicationemj
1175 4713 1237 4766 laec
1286 4705 1334 4772 34)
1352 4705 1422 4773 aliis]
1442 4706 1574 4758 odota:
1592 4706 1636 4772 slij

323 4785 521 4859 bielautlron
539 4789 566 4836 in
588 4785 732 4857 apoproplo
755 4786 852 4906 tiifelct.
876 4784 923 4836 boc
944 4784 1040 4853 quidest
1063 4785 1115 4836 loco
1156 4784 1236 4851 clepit,

267 4924 270 4929 .
326 4855 372 4907 sed
383 4855 460 4924 paulo
477 4857 584 4929 inferias
601 4854 679 4923 derue
697 4852 797 4914 additi
821 4854 891 4920 (eide
915 4861 988 4906 notos
1009 4852 1105 4925 subseq.
1130 4852 1174 4906 3οξ
1201 4854 1236 4904 lo-

325 4939 379 4975 cam
396 4926 556 4992 extremum);
580 4932 729 4994 quopropter
747 4920 807 4992 laec
822 4940 898 4993 nepus
920 4924 947 4974 io
971 4922 1086 4976 Onold.
1111 4939 1187 4990 nepas
1209 4938 1237 4972 sa

328 4990 440 5058 Chytr.
458 4993 499 5047 bic
515 4994 638 5061 beantur.

258 5077 307 5145 30)
324 5079 359 5129 ad
379 5080 550 5141 ,credendum
576 5075 710 5147 innitent]
737 5077 772 5128 ad
795 5076 857 5137 desc¹
884 5077 961 5132 serbo
985 5077 1180 5139 Melanthos
1210 5076 1241 5133 s's,

327 5144 436 5198 Guelf.
461 5148 488 5197 in
509 5148 623 5213 meisa
643 5147 763 5212 irp‘ers'ors
781 5146 903 5213 soliorum
920 5147 1014 5202 ,etta
1037 5144 1084 5197 39⁸
1103 5142 1241 5211 obsipat

281 5272 288 5293 ἢ
323 5215 659 5335 ‚momenmentcmzpcd
673 5217 748 5267 mm
763 5218 791 5268 in
809 5213 927 5267 Ouold.
947 5222 971 5267 et
989 5212 1102 5282 Chytr.
1120 5212 1241 5287 intentu,¹

324 5282 415 5351 peuda
430 5284 540 5344 ware,
559 5300 589 5334 ea
610 5283 698 5336 'beten
716 5285 758 5336 Ita
765 5284 862 5338 Paulus
879 5289 1065 5350 interpretatur
1082 5282 1240 5333 sacrificium

328 5353 361 5402 de
378 5353 584 5417 praedicatione,
601 5353 654 5404 tide
672 5352 746 5420 (boec
762 5371 820 5415 oce,
838 5371 911 5423 mam
929 5355 1004 5406 dium
1020 5349 1237 5417 onyce-tace,

1287 4790 1335 4857 36)
1353 4801 1394 4842 est
1410 4790 1575 4859 abrogatum]
1599 4790 1731 4853 Ouold,
1750 4788 1881 4854 Chytr.:
1900 4790 2056 4856 abrogatum
2074 4797 2113 4841 est

1214 4923 1220 4935 ,
1287 4875 1335 4944 36)
1354 4877 1427 4926 Talis
1445 4886 1485 4926 est
1501 4885 1583 4927 statue
1602 4903 1635 4914 -
1653 4883 1679 4926 et
1697 4877 1785 4926 delere
1804 4876 1941 4942 conentur]
1959 4876 2020 4929 baec
2036 4874 2113 4928 cerba
2129 4873 2270 4944 upoprspba'

1355 4943 1455 5013 Spolet.
1475 4945 1670 4996 Melantbon
1689 4944 1779 4997 delevit
1797 4952 1821 4995 et
1834 4960 1882 5011 pro
1899 4948 1932 4997 iis
1948 4947 1975 4995 ie
1989 4947 2090 4998 sinistro
2108 4951 2131 4997 et
2148 4945 2285 5026 inferiore·

1350 5013 2035 5150 -ti'tttt‘t'tt.i?i.t⁶1.i².·.'¹t‘.ttft‘.t‘e
2054 5019 2271 5142 item

1359 5150 1459 5204 beuter:
1495 5153 1540 5205 Sic
1560 5154 1629 5202 enim
1646 5155 1769 5217 scriptum
1786 5160 1825 5201 est
1843 5152 1876 5202 de
1889 5153 2033 5217 'impiorum
2049 5151 2184 5218 sacrificiis
2202 5149 2269 5201 Pro·

1336 5215 1430 5270 'narb
1450 5219 1491 5271 tt.
1511 5220 1793 5286 Victimas'irii'piornm
1804 5221 1969 5271 abominatur
1980 5221 2100 5271 domiuus
2120 5219 2272 5284 (Oeclei,-

1357 5284 1483 5352 Chytr.:
1502 5289 1588 5355 dens).
1624 5289 1664 5346 Et,
1676 5291 1764 5339 oracio
1782 5296 1912 5340 rectorum
1928 5289 2016 5355 placet
2038 5292 2071 5342 ei.
2108 5289 2161 5339 His
2183 5289 2270 5354 requi·

1357 5356 1393 5406 rit
1408 5357 1516 5421 spiritus
1533 5363 1637 5407 saectm
1660 5357 1739 5409 fldem
1762 5364 1789 5408 et
1810 5361 1976 5421 oracionem,
2001 5370 2057 5411 non
2085 5358 2180 5424 recipit
2201 5370 2269 5424 opes
