4786 6210
143 386 208 454 aas
494 384 536 453 n.
579 341 811 454 aruncum
832 384 1152 457 conrassronrs
1173 368 1495 479 accusasses.
1538 387 1580 455 a.
1624 384 1815 458 sernas
2097 390 2164 461 uae
2205 418 2217 435 ,

142 571 252 641 lomna
285 570 406 640 cuculli
439 584 492 640 est
519 575 652 661 signum
686 583 799 642 certae
812 579 866 655 88)
896 574 1157 660 professionis:
1265 575 1408 643 Accedit
1435 588 1470 640 et
1496 574 1708 653 sacrificium.
1756 576 1842 644 Sunt
1870 579 1956 646 enim
1988 581 2087 647 vnlus
2114 580 2165 648 sd

143 658 275 727 Deinde
309 662 460 748 cogitant
497 661 677 748 praecipue
717 658 816 725 talem
847 673 960 726 notam
994 659 1129 728 Christo
1153 656 1157 731 l
1179 660 1295 748 plures
1317 661 1415 740 lines,
1439 659 1623 745 Postquam
1645 663 1851 730 conscientia
1873 663 1939 731 lide
1957 677 2069 731 erecta
2087 687 2163 733 sea·

142 744 343 900 uuna
362 743 1128 919 uidattentissimum:
1153 735 1157 887 l
1312 744 2163 904 aduinus“uumsimu

141 919 233 1023 tiam,
255 919 333 1006 quia
359 919 533 1005 symposia
560 928 640 1022 sunt
660 914 973 1022 signaipederum,
995 930 1029 984 et
1049 919 1130 984 ami·
1152 892 1156 1033 l
1179 855 1385 1006 visui-glise
1411 854 1602 986 elramonia
1629 919 1672 984 ad
1694 857 1826 987 taudlm
1848 921 1930 1002 Dei,
1958 933 1995 1015 ut
2016 921 2082 987 hac
2096 882 2163 989 ’ab

141 1015 254 1154 ⁰¹⁰⁸⁰t
279 1001 958 1156 „inliti,lllffilutltalt
984 1005 1129 1156 titii
1151 1040 1156 1162 Ι
1178 1007 1321 1159 ill-'2¹²
1355 1005 2164 1159 &diffindit{auditiauditi

126 1110 351 1281 ,lllalcprltate
367 1176 555 1280 exercenda
575 1174 733 1280 loquitur,
755 1195 854 1277 quam
875 1135 1027 1241 homines
1050 1197 1127 1261 pro·
1151 1177 1155 1289 Ι
1178 1176 1300 1245 laudis.
1350 1177 1403 1243 Ac
1430 1134 1551 1243 Patres
1582 1177 1714 1281 qpidem
1748 1178 1791 1242 de
1818 1177 1944 1267 duplici
1971 1176 2093 1244 ellectu
2114 1175 2163 1244 lo·

166 1259 244 1367 liam
266 1273 300 1326 et
322 1258 456 1339 ciuiles,
478 1273 646 1366 ytcapque
666 1257 874 1365 mtellrgupt,
895 1259 949 1327 De
970 1259 1036 1326 lide
1057 1281 1127 1329 aon
1177 1275 1341 1370 quuptur,
1380 1263 1422 1329 de
1455 1259 1688 1332 consolatione
1715 1264 2012 1345 censcientiam,
2053 1273 2087 1329 et
2120 1264 2163 1329 de

156 1346 934 1538 “euomuissegrunniunt
951 1452 1033 1519 a,
1176 1362 1358 1537 naon
1376 1344 1774 1538 adunatur
1802 1349 1961 1541 donn
1988 1347 2212 1522 uitia.

139 1516 810 1709 :¹330‘tillut'tttslldtiltl
829 1516 1127 1671 :ausitidi
1149 1589 1154 1610 ¹
1176 1530 1321 1674 tilii
1344 1515 1745 1672 “latialltmadt
1760 1517 1988 1686 blithilde
2007 1521 2161 1691 ξῖἑὲἒὶ

140 1688 906 1863 tittstltaildltlln‘tltt
925 1691 1125 1841 ,illidi
1150 1796 1152 1801 =
1176 1691 1582 1863 adtitulati:
1627 1690 2054 1863 iixlultnt‘iit
2092 1688 2160 1862 ia

139 1873 193 1928 est
220 1861 399 1947 promissio
431 1860 561 1963 gratiae
592 1861 717 1966 addita.
731 1861 794 1966 ᾗ).
835 1861 1018 1966 ξτοιηίειὶο
1046 1861 1125 1926 noni
1147 1816 1153 1881 Ι
1175 1865 1267 1969 repit
1287 1864 1332 1929 ad
1353 1883 1407 1929 me
1426 1883 1496 1929 aon
1517 1863 1657 1968 esuriet,
1677 1875 1711 1929 et
1732 1863 1788 1949 qui
1810 1863 1919 1929 credit
1940 1863 1973 1927 in
1995 1820 2072 1939 me:
2090 1881 2160 1927 aon

139 1947 883 2118 titillabit,tantillitatis
898 1957 1125 2119 milli
1175 1947 2024 2120 {litaattisaltlii‘tltnt‘utlt
2046 1946 2161 2117 {lii

138 2118 321 2290 tituil·
326 2116 605 2288 diluite?
615 2115 1126 2269 distillantibus
1175 2121 1318 2273 idat
1343 2119 1714 2290 illidimus
1730 2117 2161 2273 immittitis

140 2292 269 2396 sionem
304 2247 530 2372 peccalorum.
586 2288 736 2355 Verbum
768 2290 869 2394 igimr
888 2287 987 2355 offert
1008 2290 1125 2394 remu·
1148 2296 1153 2392 l
1174 2292 1318 2396 semarij
1350 2292 1395 2358 ad
1434 2311 1522 2377 opas
1557 2226 1730 2375 arialdum
1763 2304 1796 2358 et
1829 2225 2064 2378 applicarldum
2097 2307 2159 2373 pro

139 2373 627 2546 :ttsmatttttll‘nnl‘
659 2395 854 2529 tuit
875 2386 1125 2528 titud:
1148 2402 1153 2419 '
1174 2374 2091 2531 ‘ll'⁴iaffilia2⁰l⁰⁸0iilffinliqll⁸lla{lm’ni
2118 2374 2161 2526 ii

139 2547 224 2613 dens
245 2544 512 2630 promissionem.
559 2508 651 2633 Ergo
682 2547 770 2612 sicat
797 2505 1124 2632 promissio⁹inutilia
1174 2485 1409 2635 lpplleationa.
1433 2483 1593 2614 ql’raeter
1613 2546 1699 2614 baec
1725 2484 1882 2635 legunlur
1910 2558 1945 2614 et
1967 2506 2162 2612 {antenctae

139 2644 210 2711 est,
233 2631 298 2697 nisi
319 2629 386 2696 lide
408 2631 608 2716 accipiatur,
629 2633 676 2698 ita
695 2629 820 2697 inutilis
843 2643 895 2698 est
923 2632 1124 2711 ceremonia,
1175 2637 1218 2701 de
1249 2636 1431 2723 gratiaram
1458 2635 1610 2714 actione,
1644 2633 1754 2720 qualis
1780 2631 1841 2700 illa
1874 2644 1926 2700 est
1958 2632 2161 2698 suauissima

138 2719 218 2820 nisi·
232 2716 320 2820 tides
352 2718 512 2796 accedat,
546 2737 634 2805 qaae
666 2736 747 2783 vere
773 2729 901 2784 statuat
929 2717 985 2824 hie
1001 2717 1125 2824 'offerri
1174 2722 1264 2828 dicta
1284 2719 1495 2826 aCypriaao
1523 2720 1567 2785 de
1593 2719 1648 2805 pie
1675 2718 2003 2825 communicpntibus
2046 2718 2161 2783 Pietas

100 2802 1124 2981 ,ul„“tltt¹’‘ttldt¹uit„l⁸⁰ufilicem
1173 2807 1489 2980 latibulis
1511 2801 2161 2978 iabllfil'aiinffmil‘iiiiiilss

138 2976 305 3042 citandam
326 2974 482 3042 traditum
505 2989 578 3056 est,
599 2974 649 3042 lta
671 2988 918 3043 sacramentum
939 2976 1125 3042 institutum
1173 2979 1321 3045 intuetur
1348 2977 1485 3042 datast
1506 2976 1800 3057 condonata,bco
1823 2986 1895 3055 est,
1918 2970 2050 3041 confert
2072 2973 2161 3038 inter

137 3072 208 3141 est,
242 3073 279 3128 vt
309 3058 368 3126 illa
401 3061 533 3145 speeies
565 3062 741 3127 incurrens
773 3062 808 3127 in
839 3060 960 3166 oculos
992 3071 1125 3127 monem
1174 3083 1214 3130 se
1245 3062 1502 3150 magnitudinem
1534 3058 1774 3128 beneficiorum
1802 3059 1867 3165 liei
1894 3071 1929 3126 et
1960 3057 2160 3164 magnitudi-

137 3147 243 3215 corda
265 3147 307 3212 ad
330 3146 543 3214 credendum.
587 3147 654 3212 Per
674 3144 760 3213 haec
782 3148 869 3212 enim
890 3143 1048 3214 videlicet
1063 3166 1126 3233 per
1172 3170 1250 3216 nem
1282 3159 1475 3215 nostrorum
1503 3144 1686 3227 malorum,
1716 3157 1852 3227 martra,
1886 3157 1920 3212 et
1948 3155 2094 3230 peceati,
2125 3154 2160 3210 at

137 3235 277 3300 verbum
301 3241 335 3296 et
362 3243 606 3299 sacramentum
634 3242 793 3318 operatur
814 3232 951 3318 spiritus
972 3245 1123 3300 sanctus.
1173 3235 1244 3321 agit
1265 3234 1393 3321 gratius
1413 3243 1478 3299 etc.
1522 3231 1566 3298 Et
1593 3233 1673 3299 binc
1703 3233 1812 3298 extitit
1837 3226 2018 3317 appellatio
2040 3231 2159 3316 εὔχαρι·

10 3342 17 3356 ·
135 3318 182 3387 Et
208 3316 288 3383 talis
315 3336 399 3384 rsus
427 3317 645 3396 sacramenti,
672 3337 746 3383 cum
774 3317 859 3383 fides
881 3316 1029 3385 viuilicat
1048 3338 1124 3404 per·
1173 3330 1262 3396 artas
1280 3322 1315 3385 in
1336 3315 1502 3385 Ecclesia.
1545 3318 1666 3405 Neque
1692 3338 1776 3384 vero
1799 3316 1989 3382 ceremonia
2009 3317 2086 3401 ipsa
2108 3326 2160 3383 eat

136 3401 318 3472 tamefacta
346 3403 467 3483 corda,
494 3402 606 3469 cultus
634 3413 688 3469 est
715 3404 794 3469 noui
815 3403 1025 3483 testamenti,
1045 3405 1141 3490 quis'
1174 3407 1356 3492 grachum
1384 3405 1477 3469 actio
1500 3423 1544 3470 ex
1569 3424 1671 3489 opere
1698 3412 1839 3487 operato
1866 3399 2069 3488 applicanda
2096 3421 2160 3486 pru

102 3502 118 3517 '
135 3510 261 3558 nouum
283 3498 517 3554 testamentum
538 3489 641 3554 babet
664 3499 777 3554 mutus
800 3487 1012 3576 spirituales,
1034 3507 1123 3554 mor-
1172 3490 1263 3573 alijs,
1283 3501 1319 3556 vt
1339 3499 1507 3555 mereatur
1528 3488 1577 3554 ais
1599 3489 1834 3555 remissionem
1854 3497 2070 3573 peccatorum
2091 3499 2159 3553 etc.
2191 3510 2194 3520 ·

136 3575 352 3643 tilicationem
382 3585 415 3638 et
445 3573 713 3640 viailicationern.
766 3571 811 3640 lit
841 3576 886 3641 ad
913 3575 1004 3642 bunc
1024 3592 1123 3641 rsmn
1174 3588 1210 3643 vt
1231 3573 1352 3642 liberet
1372 3576 1500 3641 animas
1524 3572 1765 3641 destructorum.
1806 3571 1900 3637 Haec
1916 3583 2067 3659 pugnant
2083 3588 2159 3639 cum
2296 3618 2301 3653 ,

136 3662 277 3728 hatituit
298 3657 474 3737 Christus,
508 3679 582 3725 cam
603 3661 695 3725 iubet
714 3657 828 3727 iacere
849 3661 884 3726 ln
905 3663 959 3728 sai
981 3679 1123 3726 comme·
1173 3662 1304 3728 iusticia
1325 3659 1414 3739 fidei,
1459 3661 1533 3725 nasi
1555 3659 1760 3741 ceremonia,
1781 3658 1855 3722 sine
1875 3656 1943 3724 fide
1964 3658 2079 3743 prosit,
2102 3669 2159 3725 aut

136 3748 366 3813 metationem.
427 3744 512 3810 Nam
551 3746 744 3811 meminisse
777 3745 920 3825 Christi,
961 3765 1030 3812 non
1070 3755 1125 3812 est
1174 3747 1320 3824 facienti,
1341 3756 1399 3812 aut
1420 3680 1509 3830 alijs.

137 3834 256 3901 ociose
276 3826 463 3915 spectaculi
486 3826 681 3909 celebratio,
704 3842 762 3896 aut
782 3831 925 3917 exempli
947 3850 1053 3898 causa
1074 3831 1124 3896 in·

137 3919 266 3995 stituta,
279 3918 367 3981 sicat
381 3917 414 3980 in
432 3913 632 4002 Tragoedijs
649 3911 880 3981 celebrabatur
892 3920 948 3993 ὅθ)
964 3917 1124 3981 memoria

136 4000 293 4071 Herculis
314 4013 372 4067 aut
388 3998 537 4088 Vlyssis.
581 3999 651 4068 Sed
672 4011 726 4069 est
746 4000 937 4067 meminisse
959 3999 1124 4066 beneficia
1364 3998 1429 4063 DE
1449 3996 1747 4064 vccassvms
1769 3994 1965 4063 talesan

138 4087 277 4166 Christi,
299 4105 407 4171 eaque
428 4089 495 4152 lide
515 4089 682 4172 accipere,
704 4097 741 4152 vt
764 4107 826 4173 per
846 4106 887 4151 ea
908 4085 1124 4154 viuilicemur.

138 4175 219 4242 ldeo
241 4173 398 4238 Psalmus
419 4174 476 4238 ait.
500 4171 696 4238 Memoriam
717 4170 798 4239 fecit
821 4170 1021 4240 mirabilium
1043 4189 1123 4238 sao
1172 4191 1174 4194 ’
1261 4171 1460 4254 Δᾶιιοτειῑῇ
1489 4181 1652 4238 reuocant
1680 4188 1746 4235 nos
1775 4169 1939 4235 etiamad
1962 4167 2159 4234 Grammati-

138 4281 232 4339 ram,
263 4259 457 4326 misericors
495 4269 529 4323 et
560 4259 737 4325 miserator
767 4257 945 4325 Dominus.
999 4258 1123 4324 liscum
1175 4277 1260 4338 cam,
1282 4267 1417 4323 sumunt
1438 4267 1634 4344 argumenta
1655 4275 1699 4321 ex
1718 4251 1999 4340 appellationibus
2020 4250 2159 4333 Missae,

139 4348 231 4414 dedit
251 4344 441 4411 timentibus
462 4363 513 4409 se.
557 4342 732 4430 Significat
752 4347 839 4412 enim
861 4341 1124 4431 voluntatemet
1175 4362 1262 4430 qaae
1293 4363 1363 4409 noa
1391 4341 1517 4410 habent
1548 4361 1634 4426 opus
1666 4338 1770 4428 longa
1797 4340 2035 4426 disputacione.
2080 4337 2158 4406 Noa

139 4431 401 4500 misericordiam
423 4427 489 4495 Dei
510 4432 760 4515 agnoscendam
782 4450 871 4508 esse,
893 4431 927 4495 in
949 4427 1009 4497 illa
1031 4447 1122 4495 cere·
1175 4431 1261 4495 enim
1283 4430 1434 4517 sequitur
1455 4428 1607 4507 Missam,
1630 4426 1760 4492 etiamsi
1782 4436 1926 4493 vocatur
1947 4420 2158 4501 sacrificium,

139 4520 261 4586 monia.
290 4513 368 4581 'llla
389 4526 499 4582 autem
521 4515 625 4594 tides,
652 4537 739 4603 quae
759 4518 917 4605 agnoscit
937 4515 1123 4582 misericor·
1174 4534 1261 4600 opus
1282 4535 1363 4583 esse
1383 4537 1427 4582 ex
1450 4531 1552 4600 opere
1573 4521 1710 4599 operato
1729 4512 1869 4599 gratiam
1886 4507 2078 4588 conterens,
2099 4519 2160 4589 aut

139 4605 241 4682 dmm,
268 4601 428 4669 sicilicet.
472 4602 515 4667 Et
534 4601 592 4668 bic
612 4601 804 4690 principalis
827 4622 911 4669 vaus
928 4615 982 4668 est
1010 4620 1123 4668 sacra·
1173 4599 1379 4689 applicatum
1404 4621 1467 4686 pro
1488 4598 1583 4686 alijs,
1608 4600 1729 4665 mereri
1757 4598 1807 4664 eis
1828 4597 2058 4663 remissionem
2078 4614 2159 4682 pce·

139 4690 255 4769 menti,
275 4691 309 4755 in
355 4708 400 4754 ao
421 4698 563 4775 apparet
606 4690 640 4754 ni
662 4690 728 4755 sint
744 4689 853 4756 idonei
872 4689 916 4754 ad
934 4706 1124 4755 sacramen·
1174 4701 1324 4754 catorum
1343 4698 1407 4754 etc.
1437 4690 1534 4749 testeo
1555 4692 1624 4766 yla,
1645 4685 1815 4771 inquiunt,
1843 4683 1872 4746 si
1898 4681 2009 4748 nificat
2031 4677 2158 4747 sacrifi·

140 4787 228 4856 tum,
259 4708 417 4841 videlicet
443 4708 705 4860 parter-ellicus
732 4775 957 4843 conscientiae
982 4786 1016 4842 et
1041 4791 1123 4861 qao·
1175 4774 1273 4840 cium.
1316 4772 1359 4838 Et
1381 4771 1503 4837 Graeci
1524 4709 1664 4836 blissam
1685 4766 1856 4855 appellant
1874 4703 2055 4855 liturgiam.
2088 4765 2158 4834 Cur
2192 4772 2196 4780 '

139 4862 242 4930 modo
263 4862 312 4926 vti
333 4860 485 4927 debeant.
1173 4859 1229 4925 bie
1251 4860 1404 4924 omittunt
1426 4853 1681 4942 appellationem
1701 4865 1848 4921 veterem
1870 4852 2041 4940 synaxis?
2072 4870 2159 4939 quae

1174 4945 1320 5010 ostendit
1339 4942 1482 5009 blissam
1510 4939 1588 5007 olim
1609 4942 1717 5007 luisse
1737 4937 1913 5007 multorum
1936 4939 2156 5006 communica·

1172 5029 1317 5110 donem,
1349 5029 1418 5096 Sed
1445 5030 1597 5096 dicamus
1624 5027 1667 5092 de
1693 5025 1856 5113 liturgia.
1909 5023 1962 5091 Ea
1991 5044 2060 5091 vox
2087 5041 2156 5089 non

144 5131 530 5205 t³)aart·e]1ad.u.2earte
1173 5116 1202 5180 si
1251 5114 1342 5183 illest
1362 5115 1495 5201 proprie
1516 5111 1735 5193 sacrificium,
1762 5111 1825 5177 sed
1845 5112 1958 5198 potius
1985 5107 2155 5195 publicum

145 5223 193 5291 es)
211 5218 423 5286 merulenta
441 5219 533 5273 a-s.=
551 5218 744 5284 munstero.
1152 5221 1205 5267 ·m
1218 5200 1405 5276 nisterium,
1437 5211 1472 5269 et
1500 5209 1578 5286 apte
1603 5199 1745 5285 quadrat
1775 5197 1821 5262 ad
1848 5209 1998 5263 nostram
2020 5206 2154 5262 seatea·
2205 5244 2206 5248 ,

145 5309 194 5377 tt)
213 5302 404 5372 celebrabatur]
422 5303 505 5356 Edita
523 5305 616 5357 2-42
635 5305 779 5356 adsensu
1174 5287 1270 5367 dam,
1292 5286 1383 5373 quod
1404 5281 1560 5354 videlicet
1579 5303 1669 5351 vaus
1687 5283 1840 5350 mlaleter
1859 5299 2082 5361 consecrans,
2102 5299 2154 5347 se·
