<?xml version="1.0" encoding="UTF-8"?>
<!DOCTYPE html PUBLIC "-//W3C//DTD XHTML 1.0 Transitional//EN"
    "http://www.w3.org/TR/xhtml1/DTD/xhtml1-transitional.dtd">
<html xmlns="http://www.w3.org/1999/xhtml" xml:lang="en" lang="en">
 <head>
  <title>
</title>
<meta http-equiv="Content-Type" content="text/html;charset=utf-8" />
  <meta name='ocr-system' content='tesseract 3.04.00' />
  <meta name='ocr-capabilities' content='ocr_page ocr_carea ocr_par ocr_line ocrx_word'/>
</head>
<body>
  <div class='ocr_page' id='page_1' title='image "./philippimelanth00melagoog_0229.png"; bbox 0 0 4756 6194; ppageno 0'>
   <div class='ocr_carea' id='block_1_1' title="bbox 174 425 2230 558">
    <p class='ocr_par' dir='ltr' id='par_1_1' title="bbox 174 425 2230 558">
     <span class='ocr_line' id='line_1_1' title="bbox 174 425 2230 558; baseline -0.004 -30"><span class='ocrx_word' id='word_1_1' title='bbox 174 460 242 528; x_wconf 78' lang='lat' dir='ltr'><strong>aaa</strong></span> <span class='ocrx_word' id='word_1_2' title='bbox 294 466 303 473; x_wconf 92' lang='lat'><em>·</em></span> <span class='ocrx_word' id='word_1_3' title='bbox 342 446 379 480; x_wconf 74' lang='lat'><strong>&#39;³</strong></span> <span class='ocrx_word' id='word_1_4' title='bbox 526 458 566 524; x_wconf 87' lang='lat' dir='ltr'><strong>u</strong></span> <span class='ocrx_word' id='word_1_5' title='bbox 609 455 843 524; x_wconf 77' lang='lat' dir='ltr'><strong>aroucam</strong></span> <span class='ocrx_word' id='word_1_6' title='bbox 864 425 1188 524; x_wconf 70' lang='lat' dir='ltr'><strong>consessionis</strong></span> <span class='ocrx_word' id='word_1_7' title='bbox 1209 451 1521 521; x_wconf 70' lang='lat' dir='ltr'><strong>accusamus.</strong></span> <span class='ocrx_word' id='word_1_8' title='bbox 1569 453 1611 519; x_wconf 84' lang='lat' dir='ltr'><strong>a.</strong></span> <span class='ocrx_word' id='word_1_9' title='bbox 1655 451 1844 521; x_wconf 77' lang='lat' dir='ltr'><strong>aursus.</strong></span> <span class='ocrx_word' id='word_1_10' title='bbox 2127 453 2230 558; x_wconf 8' lang='lat' dir='ltr'><strong>rao*</strong></span> 
     </span>
    </p>
   </div>
   <div class='ocr_carea' id='block_1_2' title="bbox 153 640 2274 5177">
    <p class='ocr_par' dir='ltr' id='par_1_2' title="bbox 153 640 2274 5177">
     <span class='ocr_line' id='line_1_2' title="bbox 177 640 2194 734; baseline -0.002 -22"><span class='ocrx_word' id='word_1_11' title='bbox 177 649 258 734; x_wconf 88' lang='lat' dir='ltr'><strong>quit.</strong></span> <span class='ocrx_word' id='word_1_12' title='bbox 276 651 328 725; x_wconf 73' lang='lat'><strong>¹⁰)</strong></span> <span class='ocrx_word' id='word_1_13' title='bbox 365 646 442 712; x_wconf 95' lang='lat' dir='ltr'><strong>Non</strong></span> <span class='ocrx_word' id='word_1_14' title='bbox 465 657 516 711; x_wconf 91' lang='lat' dir='ltr'><strong>est</strong></span> <span class='ocrx_word' id='word_1_15' title='bbox 534 666 617 731; x_wconf 90' lang='lat' dir='ltr'><strong>ergo</strong></span> <span class='ocrx_word' id='word_1_16' title='bbox 639 646 747 709; x_wconf 86' lang='lat' dir='ltr'><strong>anima</strong></span> <span class='ocrx_word' id='word_1_17' title='bbox 768 646 810 709; x_wconf 90' lang='lat' dir='ltr'><strong>ad</strong></span> <span class='ocrx_word' id='word_1_18' title='bbox 834 645 1009 730; x_wconf 74' lang='lat' dir='ltr'><strong>imaginem</strong></span> <span class='ocrx_word' id='word_1_19' title='bbox 1031 640 1108 722; x_wconf 90' lang='lat' dir='ltr'><strong>Dei,</strong></span> <span class='ocrx_word' id='word_1_20' title='bbox 1126 645 1161 708; x_wconf 87' lang='lat' dir='ltr'><strong>in</strong></span> <span class='ocrx_word' id='word_1_21' title='bbox 1213 641 1345 707; x_wconf 80' lang='lat' dir='ltr'><strong>debitae</strong></span> <span class='ocrx_word' id='word_1_22' title='bbox 1365 640 1514 706; x_wconf 89' lang='lat' dir='ltr'><strong>iusticiae</strong></span> <span class='ocrx_word' id='word_1_23' title='bbox 1536 643 1693 733; x_wconf 79' lang='lat' dir='ltr'><strong>carentia,</strong></span> <span class='ocrx_word' id='word_1_24' title='bbox 1710 645 1761 718; x_wconf 77' lang='grc' dir='ltr'><strong>Η)</strong></span> <span class='ocrx_word' id='word_1_25' title='bbox 1784 640 1826 706; x_wconf 86' lang='lat' dir='ltr'><strong>Et</strong></span> <span class='ocrx_word' id='word_1_26' title='bbox 1847 642 1958 707; x_wconf 86' lang='lat' dir='ltr'><strong>invna</strong></span> <span class='ocrx_word' id='word_1_27' title='bbox 1980 644 2120 707; x_wconf 89' lang='lat' dir='ltr'><strong>istarum</strong></span> <span class='ocrx_word' id='word_1_28' title='bbox 2141 662 2194 708; x_wconf 90' lang='lat' dir='ltr'><strong>re·</strong></span> 
     </span>
     <span class='ocr_line' id='line_1_3' title="bbox 178 722 2195 820; baseline -0.003 -21"><span class='ocrx_word' id='word_1_29' title='bbox 178 754 243 820; x_wconf 86' lang='lat' dir='ltr'><strong>qua</strong></span> <span class='ocrx_word' id='word_1_30' title='bbox 266 729 362 797; x_wconf 81' lang='lat' dir='ltr'><strong>Deus</strong></span> <span class='ocrx_word' id='word_1_31' title='bbox 384 754 453 798; x_wconf 91' lang='lat' dir='ltr'><strong>non</strong></span> <span class='ocrx_word' id='word_1_32' title='bbox 475 752 608 816; x_wconf 81' lang='lat' dir='ltr'><strong>semper</strong></span> <span class='ocrx_word' id='word_1_33' title='bbox 631 741 701 808; x_wconf 93' lang='lat' dir='ltr'><strong>est,</strong></span> <span class='ocrx_word' id='word_1_34' title='bbox 717 728 761 794; x_wconf 88' lang='lat' dir='ltr'><strong>Et</strong></span> <span class='ocrx_word' id='word_1_35' title='bbox 783 727 908 795; x_wconf 85' lang='lat' dir='ltr'><strong>Paulus</strong></span> <span class='ocrx_word' id='word_1_36' title='bbox 927 730 973 794; x_wconf 83' lang='lat' dir='ltr'><strong>ad</strong></span> <span class='ocrx_word' id='word_1_37' title='bbox 993 728 1160 814; x_wconf 78' lang='lat' dir='ltr'><strong>Ephesios</strong></span> <span class='ocrx_word' id='word_1_38' title='bbox 1213 728 1430 813; x_wconf 79' lang='lat' dir='ltr'><strong>sponsionum</strong></span> <span class='ocrx_word' id='word_1_39' title='bbox 1463 726 1643 792; x_wconf 83' lang='lat' dir='ltr'><strong>includitur</strong></span> <span class='ocrx_word' id='word_1_40' title='bbox 1669 722 1784 792; x_wconf 89' lang='lat' dir='ltr'><strong>altera.</strong></span> <span class='ocrx_word' id='word_1_41' title='bbox 1837 726 1926 792; x_wconf 88' lang='lat' dir='ltr'><strong>ldem</strong></span> <span class='ocrx_word' id='word_1_42' title='bbox 1960 727 2067 791; x_wconf 89' lang='lat' dir='ltr'><strong>sensit</strong></span> <span class='ocrx_word' id='word_1_43' title='bbox 2094 728 2195 813; x_wconf 90' lang='lat' dir='ltr'><strong>Hugo</strong></span> 
     </span>
     <span class='ocr_line' id='line_1_4' title="bbox 178 810 2197 902; baseline -0.003 -18"><span class='ocrx_word' id='word_1_44' title='bbox 178 831 213 884; x_wconf 85' lang='lat' dir='ltr'><strong>et</strong></span> <span class='ocrx_word' id='word_1_45' title='bbox 245 816 471 884; x_wconf 83' lang='lat' dir='ltr'><strong>Colossenses</strong></span> <span class='ocrx_word' id='word_1_46' title='bbox 506 817 651 882; x_wconf 79' lang='lat' dir='ltr'><strong>ostendit</strong></span> <span class='ocrx_word' id='word_1_47' title='bbox 680 816 855 902; x_wconf 80' lang='lat' dir='ltr'><strong>imaginem</strong></span> <span class='ocrx_word' id='word_1_48' title='bbox 887 813 971 893; x_wconf 90' lang='lat' dir='ltr'><strong>Dei,</strong></span> <span class='ocrx_word' id='word_1_49' title='bbox 1004 816 1162 880; x_wconf 81' lang='lat' dir='ltr'><strong>noticiam</strong></span> <span class='ocrx_word' id='word_1_50' title='bbox 1214 834 1288 879; x_wconf 90' lang='lat' dir='ltr'><strong>cum</strong></span> <span class='ocrx_word' id='word_1_51' title='bbox 1310 815 1367 892; x_wconf 90' lang='lat' dir='ltr'><strong>ait,</strong></span> <span class='ocrx_word' id='word_1_52' title='bbox 1391 810 1562 901; x_wconf 86' lang='lat' dir='ltr'><strong>Originale</strong></span> <span class='ocrx_word' id='word_1_53' title='bbox 1582 822 1756 897; x_wconf 90' lang='lat' dir='ltr'><strong>peccatum</strong></span> <span class='ocrx_word' id='word_1_54' title='bbox 1784 831 1882 891; x_wconf 88' lang='lat' dir='ltr'><strong>esse,</strong></span> <span class='ocrx_word' id='word_1_55' title='bbox 1913 813 2133 897; x_wconf 88' lang='lat' dir='ltr'><strong>ignorantiam</strong></span> <span class='ocrx_word' id='word_1_56' title='bbox 2161 814 2197 878; x_wconf 94' lang='lat' dir='ltr'><strong>in</strong></span> 
     </span>
     <span class='ocr_line' id='line_1_5' title="bbox 177 897 2197 986; baseline -0.003 -15"><span class='ocrx_word' id='word_1_57' title='bbox 177 905 243 971; x_wconf 88' lang='lat' dir='ltr'><strong>Dei</strong></span> <span class='ocrx_word' id='word_1_58' title='bbox 266 924 362 982; x_wconf 87' lang='lat' dir='ltr'><strong>esse,</strong></span> <span class='ocrx_word' id='word_1_59' title='bbox 385 905 548 969; x_wconf 91' lang='lat' dir='ltr'><strong>iusticiam</strong></span> <span class='ocrx_word' id='word_1_60' title='bbox 577 913 610 966; x_wconf 91' lang='lat' dir='ltr'><strong>et</strong></span> <span class='ocrx_word' id='word_1_61' title='bbox 639 903 822 967; x_wconf 88' lang='lat' dir='ltr'><strong>veritatem.</strong></span> <span class='ocrx_word' id='word_1_62' title='bbox 865 900 938 965; x_wconf 90' lang='lat' dir='ltr'><strong>Nec</strong></span> <span class='ocrx_word' id='word_1_63' title='bbox 963 900 1162 986; x_wconf 83' lang='lat' dir='ltr'><strong>Langobar·</strong></span> <span class='ocrx_word' id='word_1_64' title='bbox 1213 912 1336 979; x_wconf 91' lang='lat' dir='ltr'><strong>mente,</strong></span> <span class='ocrx_word' id='word_1_65' title='bbox 1360 910 1393 962; x_wconf 92' lang='lat' dir='ltr'><strong>et</strong></span> <span class='ocrx_word' id='word_1_66' title='bbox 1416 900 1718 982; x_wconf 84' lang='lat' dir='ltr'><strong>concupiscentiam</strong></span> <span class='ocrx_word' id='word_1_67' title='bbox 1741 898 1774 961; x_wconf 95' lang='lat' dir='ltr'><strong>in</strong></span> <span class='ocrx_word' id='word_1_68' title='bbox 1798 918 1911 977; x_wconf 86' lang='lat' dir='ltr'><strong>came,</strong></span> <span class='ocrx_word' id='word_1_69' title='bbox 1925 897 2098 983; x_wconf 82' lang='lat' dir='ltr'><strong>Significat</strong></span> <span class='ocrx_word' id='word_1_70' title='bbox 2109 900 2197 965; x_wconf 92' lang='lat' dir='ltr'><strong>enim</strong></span> 
     </span>
     <span class='ocr_line' id='line_1_6' title="bbox 178 982 2196 1073; baseline -0.003 -17"><span class='ocrx_word' id='word_1_71' title='bbox 178 993 244 1056; x_wconf 91' lang='lat' dir='ltr'><strong>dus</strong></span> <span class='ocrx_word' id='word_1_72' title='bbox 266 1000 399 1055; x_wconf 89' lang='lat' dir='ltr'><strong>veretur</strong></span> <span class='ocrx_word' id='word_1_73' title='bbox 419 989 543 1066; x_wconf 90' lang='lat' dir='ltr'><strong>dicere,</strong></span> <span class='ocrx_word' id='word_1_74' title='bbox 565 987 655 1073; x_wconf 86' lang='lat' dir='ltr'><strong>quod</strong></span> <span class='ocrx_word' id='word_1_75' title='bbox 679 988 810 1054; x_wconf 89' lang='lat' dir='ltr'><strong>iusticia</strong></span> <span class='ocrx_word' id='word_1_76' title='bbox 832 986 990 1071; x_wconf 89' lang='lat' dir='ltr'><strong>originis,</strong></span> <span class='ocrx_word' id='word_1_77' title='bbox 1017 988 1060 1052; x_wconf 85' lang='lat' dir='ltr'><strong>sit</strong></span> <span class='ocrx_word' id='word_1_78' title='bbox 1086 990 1096 1050; x_wconf 95' lang='lat' dir='ltr'><strong>i</strong></span> <span class='ocrx_word' id='word_1_79' title='bbox 1122 1007 1161 1051; x_wconf 88' lang='lat' dir='ltr'><strong>sa</strong></span> <span class='ocrx_word' id='word_1_80' title='bbox 1214 1006 1278 1050; x_wconf 94' lang='lat' dir='ltr'><strong>nos</strong></span> <span class='ocrx_word' id='word_1_81' title='bbox 1302 996 1482 1049; x_wconf 83' lang='lat' dir='ltr'><strong>nascentes</strong></span> <span class='ocrx_word' id='word_1_82' title='bbox 1506 984 1625 1048; x_wconf 82' lang='lat' dir='ltr'><strong>afferre</strong></span> <span class='ocrx_word' id='word_1_83' title='bbox 1646 983 1894 1069; x_wconf 86' lang='lat' dir='ltr'><strong>ignoracionem</strong></span> <span class='ocrx_word' id='word_1_84' title='bbox 1915 982 1997 1062; x_wconf 91' lang='lat' dir='ltr'><strong>Dei,</strong></span> <span class='ocrx_word' id='word_1_85' title='bbox 2020 983 2196 1050; x_wconf 90' lang='lat' dir='ltr'><strong>increduli·</strong></span> 
     </span>
     <span class='ocr_line' id='line_1_7' title="bbox 180 1010 2199 1160; baseline -0.002 -18"><span class='ocrx_word' id='word_1_86' title='bbox 180 1072 359 1142; x_wconf 82' lang='lat' dir='ltr'><strong>similitudo</strong></span> <span class='ocrx_word' id='word_1_87' title='bbox 376 1073 458 1153; x_wconf 87' lang='lat' dir='ltr'><strong>Dei,</strong></span> <span class='ocrx_word' id='word_1_88' title='bbox 481 1094 567 1159; x_wconf 91' lang='lat' dir='ltr'><strong>quae</strong></span> <span class='ocrx_word' id='word_1_89' title='bbox 589 1072 713 1137; x_wconf 89' lang='lat' dir='ltr'><strong>homini</strong></span> <span class='ocrx_word' id='word_1_90' title='bbox 735 1074 838 1138; x_wconf 91' lang='lat' dir='ltr'><strong>indita</strong></span> <span class='ocrx_word' id='word_1_91' title='bbox 855 1085 909 1137; x_wconf 89' lang='lat' dir='ltr'><strong>est</strong></span> <span class='ocrx_word' id='word_1_92' title='bbox 930 1095 950 1137; x_wconf 92' lang='lat' dir='ltr'><strong>a</strong></span> <span class='ocrx_word' id='word_1_93' title='bbox 971 1070 1057 1137; x_wconf 90' lang='lat' dir='ltr'><strong>Deo.</strong></span> <span class='ocrx_word' id='word_1_94' title='bbox 1097 1010 1162 1160; x_wconf 60' lang='lat' dir='ltr'><strong>Ne·</strong></span> <span class='ocrx_word' id='word_1_95' title='bbox 1214 1083 1327 1148; x_wconf 88' lang='lat' dir='ltr'><strong>tatem,</strong></span> <span class='ocrx_word' id='word_1_96' title='bbox 1351 1067 1584 1148; x_wconf 89' lang='lat' dir='ltr'><strong>diffidenciam,</strong></span> <span class='ocrx_word' id='word_1_97' title='bbox 1608 1080 1842 1153; x_wconf 89' lang='lat' dir='ltr'><strong>contemptum,</strong></span> <span class='ocrx_word' id='word_1_98' title='bbox 1865 1071 1973 1135; x_wconf 89' lang='lat' dir='ltr'><strong>odium</strong></span> <span class='ocrx_word' id='word_1_99' title='bbox 1995 1067 2070 1134; x_wconf 91' lang='lat' dir='ltr'><strong>Dei.</strong></span> <span class='ocrx_word' id='word_1_100' title='bbox 2103 1070 2199 1136; x_wconf 85' lang='lat' dir='ltr'><strong>llaec.</strong></span> 
     </span>
     <span class='ocr_line' id='line_1_8' title="bbox 179 1152 2197 1243; baseline -0.002 -18"><span class='ocrx_word' id='word_1_101' title='bbox 179 1164 319 1227; x_wconf 88' lang='lat' dir='ltr'><strong>citamus</strong></span> <span class='ocrx_word' id='word_1_102' title='bbox 346 1173 493 1225; x_wconf 87' lang='lat' dir='ltr'><strong>veterum</strong></span> <span class='ocrx_word' id='word_1_103' title='bbox 522 1158 730 1237; x_wconf 87' lang='lat' dir='ltr'><strong>sentencias,</strong></span> <span class='ocrx_word' id='word_1_104' title='bbox 757 1178 845 1243; x_wconf 90' lang='lat' dir='ltr'><strong>quae</strong></span> <span class='ocrx_word' id='word_1_105' title='bbox 873 1155 954 1220; x_wconf 84' lang='lat' dir='ltr'><strong>nihil</strong></span> <span class='ocrx_word' id='word_1_106' title='bbox 982 1158 1163 1243; x_wconf 87' lang='lat' dir='ltr'><strong>impediunt</strong></span> <span class='ocrx_word' id='word_1_107' title='bbox 1215 1157 1302 1221; x_wconf 92' lang='lat' dir='ltr'><strong>enim</strong></span> <span class='ocrx_word' id='word_1_108' title='bbox 1337 1152 1533 1239; x_wconf 88' lang='lat' dir='ltr'><strong>complexus</strong></span> <span class='ocrx_word' id='word_1_109' title='bbox 1567 1166 1635 1231; x_wconf 90' lang='lat' dir='ltr'><strong>est,</strong></span> <span class='ocrx_word' id='word_1_110' title='bbox 1668 1176 1743 1219; x_wconf 90' lang='lat' dir='ltr'><strong>cum</strong></span> <span class='ocrx_word' id='word_1_111' title='bbox 1778 1156 2006 1240; x_wconf 85' lang='lat' dir='ltr'><strong>ignoranciam</strong></span> <span class='ocrx_word' id='word_1_112' title='bbox 2040 1158 2197 1222; x_wconf 82' lang='lat' dir='ltr'><strong>nominat.</strong></span> 
     </span>
     <span class='ocr_line' id='line_1_9' title="bbox 179 1241 2199 1332; baseline -0.002 -21"><span class='ocrx_word' id='word_1_113' title='bbox 179 1247 357 1332; x_wconf 76' lang='lat' dir='ltr'><strong>Augustini</strong></span> <span class='ocrx_word' id='word_1_114' title='bbox 379 1245 686 1330; x_wconf 71' lang='lat' dir='ltr'><strong>interpretationem</strong></span> <span class='ocrx_word' id='word_1_115' title='bbox 709 1244 750 1309; x_wconf 93' lang='lat' dir='ltr'><strong>de</strong></span> <span class='ocrx_word' id='word_1_116' title='bbox 771 1245 837 1309; x_wconf 91' lang='lat' dir='ltr'><strong>ima</strong></span> <span class='ocrx_word' id='word_1_117' title='bbox 862 1245 928 1308; x_wconf 91' lang='lat' dir='ltr'><strong>ine.</strong></span> <span class='ocrx_word' id='word_1_118' title='bbox 1214 1242 1258 1307; x_wconf 82' lang='lat' dir='ltr'><strong>Et</strong></span> <span class='ocrx_word' id='word_1_119' title='bbox 1280 1242 1345 1305; x_wconf 90' lang='lat' dir='ltr'><strong>hae</strong></span> <span class='ocrx_word' id='word_1_120' title='bbox 1367 1242 1559 1321; x_wconf 76' lang='lat' dir='ltr'><strong>sentenciae</strong></span> <span class='ocrx_word' id='word_1_121' title='bbox 1582 1242 1800 1317; x_wconf 86' lang='lat' dir='ltr'><strong>consenciunt</strong></span> <span class='ocrx_word' id='word_1_122' title='bbox 1813 1262 1886 1306; x_wconf 92' lang='lat' dir='ltr'><strong>cum</strong></span> <span class='ocrx_word' id='word_1_123' title='bbox 1904 1241 2091 1326; x_wconf 89' lang='lat' dir='ltr'><strong>scripturis,</strong></span> <span class='ocrx_word' id='word_1_124' title='bbox 2112 1241 2199 1307; x_wconf 88' lang='lat' dir='ltr'><strong>Nam</strong></span> 
     </span>
     <span class='ocr_line' id='line_1_10' title="bbox 265 1324 2198 1415; baseline -0.001 -22"><span class='ocrx_word' id='word_1_125' title='bbox 265 1330 382 1415; x_wconf 86' lang='lat' dir='ltr'><strong>ltaque</strong></span> <span class='ocrx_word' id='word_1_126' title='bbox 412 1343 509 1396; x_wconf 90' lang='lat' dir='ltr'><strong>vetus</strong></span> <span class='ocrx_word' id='word_1_127' title='bbox 539 1328 703 1407; x_wconf 86' lang='lat' dir='ltr'><strong>divinitio,</strong></span> <span class='ocrx_word' id='word_1_128' title='bbox 738 1350 812 1394; x_wconf 93' lang='lat' dir='ltr'><strong>cum</strong></span> <span class='ocrx_word' id='word_1_129' title='bbox 841 1329 964 1411; x_wconf 76' lang='lat' dir='ltr'><strong>inquit,</strong></span> <span class='ocrx_word' id='word_1_130' title='bbox 987 1338 1162 1412; x_wconf 90' lang='lat' dir='ltr'><strong>peccatum</strong></span> <span class='ocrx_word' id='word_1_131' title='bbox 1216 1324 1342 1392; x_wconf 89' lang='lat' dir='ltr'><strong>Paulus</strong></span> <span class='ocrx_word' id='word_1_132' title='bbox 1365 1328 1530 1392; x_wconf 89' lang='lat' dir='ltr'><strong>interdum</strong></span> <span class='ocrx_word' id='word_1_133' title='bbox 1554 1346 1717 1410; x_wconf 83' lang='lat' dir='ltr'><strong>expresse</strong></span> <span class='ocrx_word' id='word_1_134' title='bbox 1740 1327 1886 1391; x_wconf 91' lang='lat' dir='ltr'><strong>nominat</strong></span> <span class='ocrx_word' id='word_1_135' title='bbox 1908 1325 2084 1398; x_wconf 85' lang='lat' dir='ltr'><strong>defectum,</strong></span> <span class='ocrx_word' id='word_1_136' title='bbox 2107 1339 2143 1391; x_wconf 83' lang='lat' dir='ltr'><strong>vt</strong></span> <span class='ocrx_word' id='word_1_137' title='bbox 2168 1329 2198 1392; x_wconf 95' lang='lat' dir='ltr'><strong>l.</strong></span> 
     </span>
     <span class='ocr_line' id='line_1_11' title="bbox 180 1410 2199 1499; baseline -0.002 -16"><span class='ocrx_word' id='word_1_138' title='bbox 180 1437 257 1483; x_wconf 90' lang='lat' dir='ltr'><strong>esse</strong></span> <span class='ocrx_word' id='word_1_139' title='bbox 269 1417 448 1482; x_wconf 89' lang='lat' dir='ltr'><strong>carentiam</strong></span> <span class='ocrx_word' id='word_1_140' title='bbox 466 1416 621 1491; x_wconf 89' lang='lat' dir='ltr'><strong>iustitiae,</strong></span> <span class='ocrx_word' id='word_1_141' title='bbox 633 1415 776 1480; x_wconf 84' lang='lat' dir='ltr'><strong>detrahit</strong></span> <span class='ocrx_word' id='word_1_142' title='bbox 794 1435 862 1478; x_wconf 76' lang='lat' dir='ltr'><strong>iton</strong></span> <span class='ocrx_word' id='word_1_143' title='bbox 878 1411 987 1478; x_wconf 90' lang='lat' dir='ltr'><strong>solum</strong></span> <span class='ocrx_word' id='word_1_144' title='bbox 1007 1414 1163 1479; x_wconf 91' lang='lat' dir='ltr'><strong>obedien·</strong></span> <span class='ocrx_word' id='word_1_145' title='bbox 1215 1410 1366 1480; x_wconf 82' lang='lat' dir='ltr'><strong>Corinth.</strong></span> <span class='ocrx_word' id='word_1_146' title='bbox 1389 1415 1423 1496; x_wconf 88' lang='lat' dir='ltr'><strong>ij.</strong></span> <span class='ocrx_word' id='word_1_147' title='bbox 1470 1411 1631 1479; x_wconf 77' lang='lat' dir='ltr'><strong>Animalia</strong></span> <span class='ocrx_word' id='word_1_148' title='bbox 1653 1413 1753 1476; x_wconf 92' lang='lat' dir='ltr'><strong>homo</strong></span> <span class='ocrx_word' id='word_1_149' title='bbox 1776 1432 1843 1475; x_wconf 91' lang='lat' dir='ltr'><strong>non</strong></span> <span class='ocrx_word' id='word_1_150' title='bbox 1865 1413 2007 1497; x_wconf 84' lang='lat' dir='ltr'><strong>percipit</strong></span> <span class='ocrx_word' id='word_1_151' title='bbox 2029 1433 2086 1491; x_wconf 89' lang='lat' dir='ltr'><strong>ea,</strong></span> <span class='ocrx_word' id='word_1_152' title='bbox 2110 1434 2199 1499; x_wconf 91' lang='lat' dir='ltr'><strong>quae</strong></span> 
     </span>
     <span class='ocr_line' id='line_1_12' title="bbox 180 1497 2200 1581; baseline -0.002 -13"><span class='ocrx_word' id='word_1_153' title='bbox 180 1505 259 1568; x_wconf 92' lang='lat' dir='ltr'><strong>tiam</strong></span> <span class='ocrx_word' id='word_1_154' title='bbox 280 1498 472 1567; x_wconf 81' lang='lat' dir='ltr'><strong>inferiorum</strong></span> <span class='ocrx_word' id='word_1_155' title='bbox 495 1503 614 1566; x_wconf 90' lang='lat' dir='ltr'><strong>virium</strong></span> <span class='ocrx_word' id='word_1_156' title='bbox 637 1499 792 1578; x_wconf 90' lang='lat' dir='ltr'><strong>hominis,</strong></span> <span class='ocrx_word' id='word_1_157' title='bbox 815 1502 876 1565; x_wconf 91' lang='lat' dir='ltr'><strong>sed</strong></span> <span class='ocrx_word' id='word_1_158' title='bbox 899 1501 996 1564; x_wconf 83' lang='lat' dir='ltr'><strong>etiarn</strong></span> <span class='ocrx_word' id='word_1_159' title='bbox 1021 1499 1164 1564; x_wconf 87' lang='lat' dir='ltr'><strong>detrahit</strong></span> <span class='ocrx_word' id='word_1_160' title='bbox 1216 1499 1353 1563; x_wconf 87' lang='lat' dir='ltr'><strong>s‘ritus</strong></span> <span class='ocrx_word' id='word_1_161' title='bbox 1379 1498 1444 1564; x_wconf 91' lang='lat' dir='ltr'><strong>Dei</strong></span> <span class='ocrx_word' id='word_1_162' title='bbox 1472 1510 1559 1576; x_wconf 85' lang='lat' dir='ltr'><strong>sunt.</strong></span> <span class='ocrx_word' id='word_1_163' title='bbox 1602 1497 1692 1562; x_wconf 86' lang='lat' dir='ltr'><strong>Alibi</strong></span> <span class='ocrx_word' id='word_1_164' title='bbox 1722 1500 2025 1581; x_wconf 83' lang='lat' dir='ltr'><strong>concupiscentiam</strong></span> <span class='ocrx_word' id='word_1_165' title='bbox 2052 1502 2200 1565; x_wconf 87' lang='lat' dir='ltr'><strong>nominat</strong></span> 
     </span>
     <span class='ocr_line' id='line_1_13' title="bbox 180 1580 2198 1673; baseline -0.001 -21"><span class='ocrx_word' id='word_1_166' title='bbox 180 1588 336 1652; x_wconf 86' lang='lat' dir='ltr'><strong>noticiam</strong></span> <span class='ocrx_word' id='word_1_167' title='bbox 354 1585 431 1663; x_wconf 83' lang='lat' dir='ltr'><strong>Dei,</strong></span> <span class='ocrx_word' id='word_1_168' title='bbox 453 1586 608 1653; x_wconf 88' lang='lat' dir='ltr'><strong>fiduciam</strong></span> <span class='ocrx_word' id='word_1_169' title='bbox 631 1606 713 1671; x_wconf 90' lang='lat' dir='ltr'><strong>erga</strong></span> <span class='ocrx_word' id='word_1_170' title='bbox 729 1584 849 1662; x_wconf 90' lang='lat' dir='ltr'><strong>Deum,</strong></span> <span class='ocrx_word' id='word_1_171' title='bbox 861 1585 1012 1649; x_wconf 88' lang='lat' dir='ltr'><strong>timorem</strong></span> <span class='ocrx_word' id='word_1_172' title='bbox 1030 1596 1063 1649; x_wconf 91' lang='lat' dir='ltr'><strong>et</strong></span> <span class='ocrx_word' id='word_1_173' title='bbox 1074 1605 1163 1649; x_wconf 90' lang='lat' dir='ltr'><strong>amo·</strong></span> <span class='ocrx_word' id='word_1_174' title='bbox 1216 1606 1234 1651; x_wconf 94' lang='lat' dir='ltr'><strong>e</strong></span> <span class='ocrx_word' id='word_1_175' title='bbox 1276 1604 1388 1648; x_wconf 91' lang='lat' dir='ltr'><strong>cacem</strong></span> <span class='ocrx_word' id='word_1_176' title='bbox 1410 1585 1443 1647; x_wconf 86' lang='lat' dir='ltr'><strong>in</strong></span> <span class='ocrx_word' id='word_1_177' title='bbox 1466 1585 1640 1673; x_wconf 79' lang='lat' dir='ltr'><strong>membris,</strong></span> <span class='ocrx_word' id='word_1_178' title='bbox 1665 1594 1697 1648; x_wconf 90' lang='lat' dir='ltr'><strong>et</strong></span> <span class='ocrx_word' id='word_1_179' title='bbox 1718 1585 1901 1668; x_wconf 84' lang='lat' dir='ltr'><strong>parientem</strong></span> <span class='ocrx_word' id='word_1_180' title='bbox 1924 1582 2032 1648; x_wconf 89' lang='lat' dir='ltr'><strong>malos</strong></span> <span class='ocrx_word' id='word_1_181' title='bbox 2055 1580 2198 1650; x_wconf 86' lang='lat' dir='ltr'><strong>fructus.</strong></span> 
     </span>
     <span class='ocr_line' id='line_1_14' title="bbox 181 1667 2199 1755; baseline -0.003 -17"><span class='ocrx_word' id='word_1_182' title='bbox 181 1694 252 1738; x_wconf 91' lang='lat' dir='ltr'><strong>rem</strong></span> <span class='ocrx_word' id='word_1_183' title='bbox 284 1671 370 1752; x_wconf 87' lang='lat' dir='ltr'><strong>Dei,</strong></span> <span class='ocrx_word' id='word_1_184' title='bbox 403 1685 461 1737; x_wconf 87' lang='lat' dir='ltr'><strong>aut</strong></span> <span class='ocrx_word' id='word_1_185' title='bbox 493 1685 585 1736; x_wconf 87' lang='lat' dir='ltr'><strong>certe</strong></span> <span class='ocrx_word' id='word_1_186' title='bbox 616 1672 684 1736; x_wconf 81' lang='lat' dir='ltr'><strong>vim</strong></span> <span class='ocrx_word' id='word_1_187' title='bbox 714 1671 779 1735; x_wconf 92' lang='lat' dir='ltr'><strong>ista</strong></span> <span class='ocrx_word' id='word_1_188' title='bbox 812 1668 978 1736; x_wconf 86' lang='lat' dir='ltr'><strong>efficiendi</strong></span> <span class='ocrx_word' id='word_1_189' title='bbox 1008 1669 1163 1735; x_wconf 89' lang='lat' dir='ltr'><strong>detrahit.</strong></span> <span class='ocrx_word' id='word_1_190' title='bbox 1215 1668 1335 1735; x_wconf 88' lang='lat' dir='ltr'><strong>Plures</strong></span> <span class='ocrx_word' id='word_1_191' title='bbox 1363 1667 1462 1735; x_wconf 91' lang='lat' dir='ltr'><strong>locos</strong></span> <span class='ocrx_word' id='word_1_192' title='bbox 1492 1672 1595 1734; x_wconf 83' lang='lat' dir='ltr'><strong>citare</strong></span> <span class='ocrx_word' id='word_1_193' title='bbox 1632 1671 1674 1733; x_wconf 92' lang='lat' dir='ltr'><strong>de</strong></span> <span class='ocrx_word' id='word_1_194' title='bbox 1706 1680 1846 1755; x_wconf 88' lang='lat' dir='ltr'><strong>vtraque</strong></span> <span class='ocrx_word' id='word_1_195' title='bbox 1874 1682 1971 1754; x_wconf 85' lang='lat' dir='ltr'><strong>parte</strong></span> <span class='ocrx_word' id='word_1_196' title='bbox 2009 1689 2199 1753; x_wconf 82' lang='lat' dir='ltr'><strong>possemus,</strong></span> 
     </span>
     <span class='ocr_line' id='line_1_15' title="bbox 180 1752 2199 1843; baseline -0.001 -21"><span class='ocrx_word' id='word_1_197' title='bbox 180 1758 265 1822; x_wconf 89' lang='lat' dir='ltr'><strong>Nam</strong></span> <span class='ocrx_word' id='word_1_198' title='bbox 294 1772 327 1822; x_wconf 90' lang='lat' dir='ltr'><strong>et</strong></span> <span class='ocrx_word' id='word_1_199' title='bbox 355 1760 420 1843; x_wconf 85' lang='lat' dir='ltr'><strong>ipsi</strong></span> <span class='ocrx_word' id='word_1_200' title='bbox 447 1757 598 1843; x_wconf 77' lang='lat' dir='ltr'><strong>theologi</strong></span> <span class='ocrx_word' id='word_1_201' title='bbox 626 1758 659 1820; x_wconf 93' lang='lat' dir='ltr'><strong>in</strong></span> <span class='ocrx_word' id='word_1_202' title='bbox 683 1754 810 1822; x_wconf 89' lang='lat' dir='ltr'><strong>scholis</strong></span> <span class='ocrx_word' id='word_1_203' title='bbox 837 1755 972 1821; x_wconf 86' lang='lat' dir='ltr'><strong>tradunt</strong></span> <span class='ocrx_word' id='word_1_204' title='bbox 1003 1758 1068 1821; x_wconf 89' lang='lat' dir='ltr'><strong>ista</strong></span> <span class='ocrx_word' id='word_1_205' title='bbox 1094 1776 1163 1820; x_wconf 89' lang='lat' dir='ltr'><strong>non</strong></span> <span class='ocrx_word' id='word_1_206' title='bbox 1215 1757 1274 1821; x_wconf 86' lang='lat' dir='ltr'><strong>scd</strong></span> <span class='ocrx_word' id='word_1_207' title='bbox 1298 1756 1331 1819; x_wconf 90' lang='lat' dir='ltr'><strong>in</strong></span> <span class='ocrx_word' id='word_1_208' title='bbox 1355 1776 1392 1819; x_wconf 94' lang='lat' dir='ltr'><strong>re</strong></span> <span class='ocrx_word' id='word_1_209' title='bbox 1414 1754 1591 1821; x_wconf 77' lang='lat' dir='ltr'><strong>manifesta</strong></span> <span class='ocrx_word' id='word_1_210' title='bbox 1613 1752 1695 1819; x_wconf 88' lang='lat' dir='ltr'><strong>nihil</strong></span> <span class='ocrx_word' id='word_1_211' title='bbox 1720 1775 1805 1837; x_wconf 90' lang='lat' dir='ltr'><strong>opus</strong></span> <span class='ocrx_word' id='word_1_212' title='bbox 1829 1767 1881 1819; x_wconf 89' lang='lat' dir='ltr'><strong>est</strong></span> <span class='ocrx_word' id='word_1_213' title='bbox 1903 1755 2112 1841; x_wconf 75' lang='lat' dir='ltr'><strong>testimonijs</strong></span> <span class='ocrx_word' id='word_1_214' title='bbox 2157 1753 2199 1821; x_wconf 84' lang='lat' dir='ltr'><strong>Et</strong></span> 
     </span>
     <span class='ocr_line' id='line_1_16' title="bbox 181 1837 2200 1926; baseline -0.002 -17"><span class='ocrx_word' id='word_1_215' title='bbox 181 1841 272 1909; x_wconf 87' lang='lat' dir='ltr'><strong>effici</strong></span> <span class='ocrx_word' id='word_1_216' title='bbox 306 1847 380 1908; x_wconf 89' lang='lat' dir='ltr'><strong>sine</strong></span> <span class='ocrx_word' id='word_1_217' title='bbox 408 1845 510 1909; x_wconf 88' lang='lat' dir='ltr'><strong>certis</strong></span> <span class='ocrx_word' id='word_1_218' title='bbox 544 1844 660 1921; x_wconf 87' lang='lat' dir='ltr'><strong>donis,</strong></span> <span class='ocrx_word' id='word_1_219' title='bbox 689 1855 721 1905; x_wconf 89' lang='lat' dir='ltr'><strong>et</strong></span> <span class='ocrx_word' id='word_1_220' title='bbox 750 1840 873 1907; x_wconf 88' lang='lat' dir='ltr'><strong>auxilio</strong></span> <span class='ocrx_word' id='word_1_221' title='bbox 907 1840 1046 1925; x_wconf 88' lang='lat' dir='ltr'><strong>gratiae.</strong></span> <span class='ocrx_word' id='word_1_222' title='bbox 1090 1842 1164 1906; x_wconf 92' lang='lat' dir='ltr'><strong>Nos</strong></span> <span class='ocrx_word' id='word_1_223' title='bbox 1215 1839 1314 1907; x_wconf 85' lang='lat' dir='ltr'><strong>lacile</strong></span> <span class='ocrx_word' id='word_1_224' title='bbox 1335 1841 1484 1906; x_wconf 91' lang='lat' dir='ltr'><strong>iudicare</strong></span> <span class='ocrx_word' id='word_1_225' title='bbox 1504 1842 1624 1926; x_wconf 87' lang='lat' dir='ltr'><strong>poterit</strong></span> <span class='ocrx_word' id='word_1_226' title='bbox 1651 1843 1799 1925; x_wconf 90' lang='lat' dir='ltr'><strong>prudens</strong></span> <span class='ocrx_word' id='word_1_227' title='bbox 1822 1837 1930 1905; x_wconf 89' lang='lat' dir='ltr'><strong>lector</strong></span> <span class='ocrx_word' id='word_1_228' title='bbox 1951 1841 2015 1905; x_wconf 90' lang='lat' dir='ltr'><strong>has</strong></span> <span class='ocrx_word' id='word_1_229' title='bbox 2039 1862 2106 1906; x_wconf 90' lang='lat' dir='ltr'><strong>non</strong></span> <span class='ocrx_word' id='word_1_230' title='bbox 2129 1851 2200 1905; x_wconf 84' lang='lat' dir='ltr'><strong>tan·</strong></span> 
     </span>
     <span class='ocr_line' id='line_1_17' title="bbox 179 1924 2199 2034; baseline -0.001 -40"><span class='ocrx_word' id='word_1_231' title='bbox 179 1931 255 2034; x_wconf 89' lang='lat' dir='ltr'><strong>ipsa</strong></span> <span class='ocrx_word' id='word_1_232' title='bbox 279 1930 367 1994; x_wconf 88' lang='lat' dir='ltr'><strong>dona</strong></span> <span class='ocrx_word' id='word_1_233' title='bbox 388 1930 615 2006; x_wconf 90' lang='lat' dir='ltr'><strong>nominamus,</strong></span> <span class='ocrx_word' id='word_1_234' title='bbox 642 1938 757 2007; x_wconf 75' lang='lat' dir='ltr'><strong>ytres</strong></span> <span class='ocrx_word' id='word_1_235' title='bbox 784 1925 925 2014; x_wconf 89' lang='lat' dir='ltr'><strong>intelligi</strong></span> <span class='ocrx_word' id='word_1_236' title='bbox 978 1929 1078 2006; x_wconf 87' lang='lat' dir='ltr'><strong>ossit,</strong></span> <span class='ocrx_word' id='word_1_237' title='bbox 1105 1948 1164 1991; x_wconf 90' lang='lat' dir='ltr'><strong>no·</strong></span> <span class='ocrx_word' id='word_1_238' title='bbox 1216 1940 1284 1993; x_wconf 91' lang='lat' dir='ltr'><strong>tum</strong></span> <span class='ocrx_word' id='word_1_239' title='bbox 1307 1924 1424 2010; x_wconf 89' lang='lat' dir='ltr'><strong>culpas</strong></span> <span class='ocrx_word' id='word_1_240' title='bbox 1442 1924 1590 1991; x_wconf 86' lang='lat' dir='ltr'><strong>actuales</strong></span> <span class='ocrx_word' id='word_1_241' title='bbox 1619 1947 1714 2004; x_wconf 89' lang='lat' dir='ltr'><strong>esse,</strong></span> <span class='ocrx_word' id='word_1_242' title='bbox 1744 1927 1817 1990; x_wconf 89' lang='lat' dir='ltr'><strong>sine</strong></span> <span class='ocrx_word' id='word_1_243' title='bbox 1838 1938 1928 1991; x_wconf 90' lang='lat' dir='ltr'><strong>metu</strong></span> <span class='ocrx_word' id='word_1_244' title='bbox 1957 1926 2036 2001; x_wconf 83' lang='lat' dir='ltr'><strong>Dei,</strong></span> <span class='ocrx_word' id='word_1_245' title='bbox 2064 1938 2098 1991; x_wconf 93' lang='lat' dir='ltr'><strong>et</strong></span> <span class='ocrx_word' id='word_1_246' title='bbox 2125 1926 2199 1993; x_wconf 87' lang='lat' dir='ltr'><strong>sine</strong></span> 
     </span>
     <span class='ocr_line' id='line_1_18' title="bbox 181 2010 2199 2098; baseline -0 -19"><span class='ocrx_word' id='word_1_247' title='bbox 181 2016 291 2079; x_wconf 87' lang='lat' dir='ltr'><strong>trciam</strong></span> <span class='ocrx_word' id='word_1_248' title='bbox 309 2013 392 2093; x_wconf 90' lang='lat' dir='ltr'><strong>Dei,</strong></span> <span class='ocrx_word' id='word_1_249' title='bbox 421 2015 571 2079; x_wconf 90' lang='lat' dir='ltr'><strong>timorem</strong></span> <span class='ocrx_word' id='word_1_250' title='bbox 600 2025 634 2079; x_wconf 89' lang='lat' dir='ltr'><strong>et</strong></span> <span class='ocrx_word' id='word_1_251' title='bbox 661 2012 814 2078; x_wconf 88' lang='lat' dir='ltr'><strong>fiduciam</strong></span> <span class='ocrx_word' id='word_1_252' title='bbox 843 2034 923 2098; x_wconf 88' lang='lat' dir='ltr'><strong>erga</strong></span> <span class='ocrx_word' id='word_1_253' title='bbox 986 2034 1070 2077; x_wconf 93' lang='lat' dir='ltr'><strong>eum.</strong></span> <span class='ocrx_word' id='word_1_254' title='bbox 1114 2012 1166 2077; x_wconf 86' lang='lat' dir='ltr'><strong>Ex</strong></span> <span class='ocrx_word' id='word_1_255' title='bbox 1215 2013 1282 2078; x_wconf 86' lang='lat' dir='ltr'><strong>lide</strong></span> <span class='ocrx_word' id='word_1_256' title='bbox 1304 2032 1390 2076; x_wconf 89' lang='lat' dir='ltr'><strong>esse.</strong></span> <span class='ocrx_word' id='word_1_257' title='bbox 1436 2011 1521 2077; x_wconf 89' lang='lat' dir='ltr'><strong>Sunt</strong></span> <span class='ocrx_word' id='word_1_258' title='bbox 1543 2014 1629 2076; x_wconf 89' lang='lat' dir='ltr'><strong>euim</strong></span> <span class='ocrx_word' id='word_1_259' title='bbox 1648 2010 1818 2076; x_wconf 86' lang='lat' dir='ltr'><strong>durabiles</strong></span> <span class='ocrx_word' id='word_1_260' title='bbox 1841 2010 1995 2077; x_wconf 88' lang='lat' dir='ltr'><strong>defectus</strong></span> <span class='ocrx_word' id='word_1_261' title='bbox 2022 2014 2055 2076; x_wconf 88' lang='lat' dir='ltr'><strong>in</strong></span> <span class='ocrx_word' id='word_1_262' title='bbox 2077 2025 2199 2078; x_wconf 87' lang='lat' dir='ltr'><strong>natura</strong></span> 
     </span>
     <span class='ocr_line' id='line_1_19' title="bbox 181 2098 1478 2191; baseline -0.004 -26"><span class='ocrx_word' id='word_1_263' title='bbox 181 2100 234 2165; x_wconf 90' lang='lat' dir='ltr'><strong>his</strong></span> <span class='ocrx_word' id='word_1_264' title='bbox 257 2111 396 2186; x_wconf 86' lang='lat' dir='ltr'><strong>apparet</strong></span> <span class='ocrx_word' id='word_1_265' title='bbox 418 2114 564 2165; x_wconf 85' lang='lat' dir='ltr'><strong>veterem</strong></span> <span class='ocrx_word' id='word_1_266' title='bbox 584 2099 809 2191; x_wconf 81' lang='lat' dir='ltr'><strong>delinitiqnem</strong></span> <span class='ocrx_word' id='word_1_267' title='bbox 840 2119 982 2184; x_wconf 90' lang='lat' dir='ltr'><strong>prorsus</strong></span> <span class='ocrx_word' id='word_1_268' title='bbox 1010 2099 1096 2162; x_wconf 91' lang='lat' dir='ltr'><strong>idem</strong></span> <span class='ocrx_word' id='word_1_269' title='bbox 1119 2098 1165 2163; x_wconf 86' lang='lat' dir='ltr'><strong>dl·</strong></span> <span class='ocrx_word' id='word_1_270' title='bbox 1216 2120 1283 2163; x_wconf 86' lang='lat' dir='ltr'><strong>non</strong></span> <span class='ocrx_word' id='word_1_271' title='bbox 1307 2110 1478 2163; x_wconf 87' lang='lat' dir='ltr'><strong>renouata.</strong></span> 
     </span>
     <span class='ocr_line' id='line_1_20' title="bbox 182 2180 2198 2270; baseline -0.002 -18"><span class='ocrx_word' id='word_1_272' title='bbox 182 2206 260 2252; x_wconf 82' lang='lat' dir='ltr'><strong>cere</strong></span> <span class='ocrx_word' id='word_1_273' title='bbox 282 2187 372 2270; x_wconf 91' lang='lat' dir='ltr'><strong>quod</strong></span> <span class='ocrx_word' id='word_1_274' title='bbox 394 2206 457 2250; x_wconf 88' lang='lat' dir='ltr'><strong>nos</strong></span> <span class='ocrx_word' id='word_1_275' title='bbox 480 2185 640 2262; x_wconf 90' lang='lat' dir='ltr'><strong>dicimus,</strong></span> <span class='ocrx_word' id='word_1_276' title='bbox 664 2184 877 2249; x_wconf 85' lang='lat' dir='ltr'><strong>detrahentes</strong></span> <span class='ocrx_word' id='word_1_277' title='bbox 899 2197 1023 2249; x_wconf 90' lang='lat' dir='ltr'><strong>metum</strong></span> <span class='ocrx_word' id='word_1_278' title='bbox 1044 2183 1108 2249; x_wconf 90' lang='lat' dir='ltr'><strong>Dei</strong></span> <span class='ocrx_word' id='word_1_279' title='bbox 1131 2183 1172 2248; x_wconf 85' lang='lat' dir='ltr'><strong>et</strong></span> <span class='ocrx_word' id='word_1_280' title='bbox 1302 2180 1391 2248; x_wconf 93' lang='lat' dir='ltr'><strong>Nihil</strong></span> <span class='ocrx_word' id='word_1_281' title='bbox 1412 2184 1512 2268; x_wconf 89' lang='lat' dir='ltr'><strong>igitur</strong></span> <span class='ocrx_word' id='word_1_282' title='bbox 1535 2185 1577 2247; x_wconf 89' lang='lat' dir='ltr'><strong>de</strong></span> <span class='ocrx_word' id='word_1_283' title='bbox 1599 2196 1738 2267; x_wconf 89' lang='lat' dir='ltr'><strong>peccato</strong></span> <span class='ocrx_word' id='word_1_284' title='bbox 1762 2183 1909 2268; x_wconf 84' lang='lat' dir='ltr'><strong>Originis</strong></span> <span class='ocrx_word' id='word_1_285' title='bbox 1929 2184 2090 2247; x_wconf 88' lang='lat' dir='ltr'><strong>sentimus</strong></span> <span class='ocrx_word' id='word_1_286' title='bbox 2118 2184 2198 2248; x_wconf 88' lang='lat' dir='ltr'><strong>alie·</strong></span> 
     </span>
     <span class='ocr_line' id='line_1_21' title="bbox 181 2266 2198 2355; baseline -0.001 -19"><span class='ocrx_word' id='word_1_287' title='bbox 181 2270 356 2349; x_wconf 83' lang='lat' dir='ltr'><strong>fiduciam,</strong></span> <span class='ocrx_word' id='word_1_288' title='bbox 378 2268 535 2334; x_wconf 87' lang='lat' dir='ltr'><strong>videlicet</strong></span> <span class='ocrx_word' id='word_1_289' title='bbox 556 2290 624 2335; x_wconf 88' lang='lat' dir='ltr'><strong>nou</strong></span> <span class='ocrx_word' id='word_1_290' title='bbox 647 2282 744 2335; x_wconf 88' lang='lat' dir='ltr'><strong>actus</strong></span> <span class='ocrx_word' id='word_1_291' title='bbox 767 2281 915 2350; x_wconf 90' lang='lat' dir='ltr'><strong>tantum,</strong></span> <span class='ocrx_word' id='word_1_292' title='bbox 937 2270 998 2335; x_wconf 90' lang='lat' dir='ltr'><strong>sed</strong></span> <span class='ocrx_word' id='word_1_293' title='bbox 1021 2272 1110 2335; x_wconf 90' lang='lat' dir='ltr'><strong>dona</strong></span> <span class='ocrx_word' id='word_1_294' title='bbox 1132 2282 1166 2333; x_wconf 93' lang='lat' dir='ltr'><strong>et</strong></span> <span class='ocrx_word' id='word_1_295' title='bbox 1216 2291 1305 2349; x_wconf 90' lang='lat' dir='ltr'><strong>num,</strong></span> <span class='ocrx_word' id='word_1_296' title='bbox 1327 2279 1384 2333; x_wconf 89' lang='lat' dir='ltr'><strong>aut</strong></span> <span class='ocrx_word' id='word_1_297' title='bbox 1405 2288 1426 2332; x_wconf 92' lang='lat' dir='ltr'><strong>a</strong></span> <span class='ocrx_word' id='word_1_298' title='bbox 1449 2270 1625 2355; x_wconf 89' lang='lat' dir='ltr'><strong>scriptura,</strong></span> <span class='ocrx_word' id='word_1_299' title='bbox 1648 2281 1706 2333; x_wconf 90' lang='lat' dir='ltr'><strong>aut</strong></span> <span class='ocrx_word' id='word_1_300' title='bbox 1726 2289 1746 2331; x_wconf 93' lang='lat' dir='ltr'><strong>a</strong></span> <span class='ocrx_word' id='word_1_301' title='bbox 1767 2266 1933 2334; x_wconf 89' lang='lat' dir='ltr'><strong>catholica</strong></span> <span class='ocrx_word' id='word_1_302' title='bbox 1947 2266 2111 2345; x_wconf 80' lang='lat' dir='ltr'><strong>Ecclesia,</strong></span> <span class='ocrx_word' id='word_1_303' title='bbox 2135 2269 2198 2334; x_wconf 91' lang='lat' dir='ltr'><strong>sed</strong></span> 
     </span>
     <span class='ocr_line' id='line_1_22' title="bbox 181 2352 2197 2442; baseline -0.001 -20"><span class='ocrx_word' id='word_1_304' title='bbox 181 2359 248 2422; x_wconf 82' lang='lat' dir='ltr'><strong>vim</strong></span> <span class='ocrx_word' id='word_1_305' title='bbox 269 2358 312 2422; x_wconf 89' lang='lat' dir='ltr'><strong>ad</strong></span> <span class='ocrx_word' id='word_1_306' title='bbox 334 2358 419 2422; x_wconf 88' lang='lat' dir='ltr'><strong>haec</strong></span> <span class='ocrx_word' id='word_1_307' title='bbox 440 2353 626 2421; x_wconf 86' lang='lat' dir='ltr'><strong>efficienda.</strong></span> <span class='ocrx_word' id='word_1_308' title='bbox 683 2396 685 2401; x_wconf 93' lang='lat'>-</span> <span class='ocrx_word' id='word_1_309' title='bbox 949 2374 964 2405; x_wconf 73' lang='lat' dir='ltr'><em>s</em></span> <span class='ocrx_word' id='word_1_310' title='bbox 1217 2355 1436 2442; x_wconf 88' lang='lat' dir='ltr'><strong>grauissimas</strong></span> <span class='ocrx_word' id='word_1_311' title='bbox 1457 2355 1647 2420; x_wconf 86' lang='lat' dir='ltr'><strong>sentencias</strong></span> <span class='ocrx_word' id='word_1_312' title='bbox 1670 2357 1856 2438; x_wconf 87' lang='lat' dir='ltr'><strong>scripturae</strong></span> <span class='ocrx_word' id='word_1_313' title='bbox 1885 2366 1916 2418; x_wconf 91' lang='lat' dir='ltr'><strong>et</strong></span> <span class='ocrx_word' id='word_1_314' title='bbox 1939 2352 2075 2418; x_wconf 85' lang='lat' dir='ltr'><strong>Petrum</strong></span> <span class='ocrx_word' id='word_1_315' title='bbox 2098 2356 2197 2420; x_wconf 92' lang='lat' dir='ltr'><strong>obru-</strong></span> 
     </span>
     <span class='ocr_line' id='line_1_23' title="bbox 269 2436 2197 2528; baseline -0.002 -22"><span class='ocrx_word' id='word_1_316' title='bbox 269 2443 394 2512; x_wconf 87' lang='lat' dir='ltr'><strong>Eadem</strong></span> <span class='ocrx_word' id='word_1_317' title='bbox 422 2455 475 2507; x_wconf 89' lang='lat' dir='ltr'><strong>est</strong></span> <span class='ocrx_word' id='word_1_318' title='bbox 501 2441 671 2506; x_wconf 87' lang='lat' dir='ltr'><strong>sentencia</strong></span> <span class='ocrx_word' id='word_1_319' title='bbox 700 2440 919 2519; x_wconf 86' lang='lat' dir='ltr'><strong>definitionis,</strong></span> <span class='ocrx_word' id='word_1_320' title='bbox 953 2459 1039 2528; x_wconf 92' lang='lat' dir='ltr'><strong>quae</strong></span> <span class='ocrx_word' id='word_1_321' title='bbox 1072 2451 1165 2505; x_wconf 86' lang='lat' dir='ltr'><strong>extat</strong></span> <span class='ocrx_word' id='word_1_322' title='bbox 1216 2454 1270 2505; x_wconf 88' lang='lat' dir='ltr'><strong>tas</strong></span> <span class='ocrx_word' id='word_1_323' title='bbox 1305 2436 1504 2523; x_wconf 83' lang='lat' dir='ltr'><strong>sophisticis</strong></span> <span class='ocrx_word' id='word_1_324' title='bbox 1536 2440 1617 2504; x_wconf 86' lang='lat' dir='ltr'><strong>rixis</strong></span> <span class='ocrx_word' id='word_1_325' title='bbox 1651 2439 1882 2524; x_wconf 86' lang='lat' dir='ltr'><strong>theologorum</strong></span> <span class='ocrx_word' id='word_1_326' title='bbox 1918 2441 2118 2518; x_wconf 89' lang='lat' dir='ltr'><strong>recentium,</strong></span> <span class='ocrx_word' id='word_1_327' title='bbox 2146 2461 2197 2504; x_wconf 90' lang='lat' dir='ltr'><strong>rc·</strong></span> 
     </span>
     <span class='ocr_line' id='line_1_24' title="bbox 181 2524 2199 2613; baseline -0.001 -20"><span class='ocrx_word' id='word_1_328' title='bbox 181 2530 270 2613; x_wconf 89' lang='lat' dir='ltr'><strong>apud</strong></span> <span class='ocrx_word' id='word_1_329' title='bbox 293 2529 526 2613; x_wconf 89' lang='lat' dir='ltr'><strong>Augustinum,</strong></span> <span class='ocrx_word' id='word_1_330' title='bbox 549 2528 605 2610; x_wconf 91' lang='lat' dir='ltr'><strong>qui</strong></span> <span class='ocrx_word' id='word_1_331' title='bbox 627 2524 714 2591; x_wconf 89' lang='lat' dir='ltr'><strong>solet</strong></span> <span class='ocrx_word' id='word_1_332' title='bbox 738 2524 875 2591; x_wconf 87' lang='lat' dir='ltr'><strong>definire</strong></span> <span class='ocrx_word' id='word_1_333' title='bbox 901 2539 1077 2610; x_wconf 85' lang='lat' dir='ltr'><strong>peccatum</strong></span> <span class='ocrx_word' id='word_1_334' title='bbox 1101 2527 1165 2589; x_wconf 88' lang='lat' dir='ltr'><strong>ori·</strong></span> <span class='ocrx_word' id='word_1_335' title='bbox 1238 2544 1408 2611; x_wconf 84' lang='lat' dir='ltr'><strong>urgemus,</strong></span> <span class='ocrx_word' id='word_1_336' title='bbox 1426 2536 1459 2589; x_wconf 90' lang='lat' dir='ltr'><strong>et</strong></span> <span class='ocrx_word' id='word_1_337' title='bbox 1481 2527 1514 2589; x_wconf 94' lang='lat' dir='ltr'><strong>in</strong></span> <span class='ocrx_word' id='word_1_338' title='bbox 1535 2524 1644 2590; x_wconf 86' lang='lat' dir='ltr'><strong>luceru</strong></span> <span class='ocrx_word' id='word_1_339' title='bbox 1671 2527 1895 2604; x_wconf 79' lang='lat' dir='ltr'><strong>restituimus,</strong></span> <span class='ocrx_word' id='word_1_340' title='bbox 1926 2524 2011 2589; x_wconf 90' lang='lat' dir='ltr'><strong>Nam</strong></span> <span class='ocrx_word' id='word_1_341' title='bbox 2039 2545 2094 2589; x_wconf 89' lang='lat' dir='ltr'><strong>res</strong></span> <span class='ocrx_word' id='word_1_342' title='bbox 2122 2526 2199 2608; x_wconf 88' lang='lat' dir='ltr'><strong>ipsa</strong></span> 
     </span>
     <span class='ocr_line' id='line_1_25' title="bbox 182 2549 2198 2701; baseline -0.002 -23"><span class='ocrx_word' id='word_1_343' title='bbox 182 2615 270 2701; x_wconf 77' lang='lat' dir='ltr'><strong>glnis</strong></span> <span class='ocrx_word' id='word_1_344' title='bbox 304 2613 607 2697; x_wconf 90' lang='lat' dir='ltr'><strong>concupiscentiam</strong></span> <span class='ocrx_word' id='word_1_345' title='bbox 636 2632 724 2676; x_wconf 92' lang='lat' dir='ltr'><strong>esse.</strong></span> <span class='ocrx_word' id='word_1_346' title='bbox 770 2610 944 2698; x_wconf 83' lang='lat' dir='ltr'><strong>Significat</strong></span> <span class='ocrx_word' id='word_1_347' title='bbox 971 2613 1058 2676; x_wconf 88' lang='lat' dir='ltr'><strong>enim</strong></span> <span class='ocrx_word' id='word_1_348' title='bbox 1088 2632 1164 2676; x_wconf 88' lang='lat' dir='ltr'><strong>con·</strong></span> <span class='ocrx_word' id='word_1_349' title='bbox 1215 2549 1372 2697; x_wconf 75' lang='lat' dir='ltr'><strong>loquitur,</strong></span> <span class='ocrx_word' id='word_1_350' title='bbox 1390 2612 1596 2676; x_wconf 88' lang='lat' dir='ltr'><strong>recentiores</strong></span> <span class='ocrx_word' id='word_1_351' title='bbox 1619 2607 1797 2695; x_wconf 90' lang='lat' dir='ltr'><strong>theologos</strong></span> <span class='ocrx_word' id='word_1_352' title='bbox 1821 2633 1888 2676; x_wconf 92' lang='lat' dir='ltr'><strong>non</strong></span> <span class='ocrx_word' id='word_1_353' title='bbox 1911 2611 2198 2690; x_wconf 87' lang='lat' dir='ltr'><strong>animaduertisse,</strong></span> 
     </span>
     <span class='ocr_line' id='line_1_26' title="bbox 181 2693 2198 2784; baseline -0.002 -20"><span class='ocrx_word' id='word_1_354' title='bbox 181 2700 418 2784; x_wconf 83' lang='lat' dir='ltr'><strong>cupiscentiam</strong></span> <span class='ocrx_word' id='word_1_355' title='bbox 429 2699 639 2763; x_wconf 88' lang='lat' dir='ltr'><strong>successisse</strong></span> <span class='ocrx_word' id='word_1_356' title='bbox 650 2698 775 2762; x_wconf 86' lang='lat' dir='ltr'><strong>amissa</strong></span> <span class='ocrx_word' id='word_1_357' title='bbox 785 2698 930 2762; x_wconf 90' lang='lat' dir='ltr'><strong>iusticia.</strong></span> <span class='ocrx_word' id='word_1_358' title='bbox 963 2697 1164 2784; x_wconf 84' lang='lat' dir='ltr'><strong>Namaegra</strong></span> <span class='ocrx_word' id='word_1_359' title='bbox 1216 2700 1295 2783; x_wconf 91' lang='lat' dir='ltr'><strong>quid</strong></span> <span class='ocrx_word' id='word_1_360' title='bbox 1324 2693 1489 2761; x_wconf 91' lang='lat' dir='ltr'><strong>voluerint</strong></span> <span class='ocrx_word' id='word_1_361' title='bbox 1518 2695 1635 2761; x_wconf 89' lang='lat' dir='ltr'><strong>Patres</strong></span> <span class='ocrx_word' id='word_1_362' title='bbox 1669 2699 1710 2762; x_wconf 90' lang='lat' dir='ltr'><strong>de</strong></span> <span class='ocrx_word' id='word_1_363' title='bbox 1745 2694 1876 2762; x_wconf 86' lang='lat' dir='ltr'><strong>delectu</strong></span> <span class='ocrx_word' id='word_1_364' title='bbox 1905 2694 2091 2782; x_wconf 87' lang='lat' dir='ltr'><strong>loquentes.</strong></span> <span class='ocrx_word' id='word_1_365' title='bbox 2134 2694 2198 2761; x_wconf 81' lang='lat' dir='ltr'><strong>Est</strong></span> 
     </span>
     <span class='ocr_line' id='line_1_27' title="bbox 153 2780 2199 2870; baseline -0.001 -20"><span class='ocrx_word' id='word_1_366' title='bbox 153 2797 301 2852; x_wconf 77' lang='lat' dir='ltr'><strong>&#39;natura</strong></span> <span class='ocrx_word' id='word_1_367' title='bbox 328 2785 404 2870; x_wconf 91' lang='lat' dir='ltr'><strong>quia</strong></span> <span class='ocrx_word' id='word_1_368' title='bbox 434 2804 502 2849; x_wconf 90' lang='lat' dir='ltr'><strong>non</strong></span> <span class='ocrx_word' id='word_1_369' title='bbox 531 2796 644 2866; x_wconf 87' lang='lat' dir='ltr'><strong>potest</strong></span> <span class='ocrx_word' id='word_1_370' title='bbox 678 2782 786 2848; x_wconf 90' lang='lat' dir='ltr'><strong>Deum</strong></span> <span class='ocrx_word' id='word_1_371' title='bbox 815 2785 930 2847; x_wconf 88' lang='lat' dir='ltr'><strong>timere</strong></span> <span class='ocrx_word' id='word_1_372' title='bbox 958 2794 991 2846; x_wconf 90' lang='lat' dir='ltr'><strong>et</strong></span> <span class='ocrx_word' id='word_1_373' title='bbox 1014 2780 1164 2867; x_wconf 87' lang='lat' dir='ltr'><strong>diligere,</strong></span> <span class='ocrx_word' id='word_1_374' title='bbox 1215 2794 1325 2848; x_wconf 86' lang='lat' dir='ltr'><strong>autem</strong></span> <span class='ocrx_word' id='word_1_375' title='bbox 1347 2782 1540 2847; x_wconf 90' lang='lat' dir='ltr'><strong>necessaria</strong></span> <span class='ocrx_word' id='word_1_376' title='bbox 1568 2783 1712 2867; x_wconf 88' lang='lat' dir='ltr'><strong>cognitio</strong></span> <span class='ocrx_word' id='word_1_377' title='bbox 1736 2783 1866 2866; x_wconf 90' lang='lat' dir='ltr'><strong>peccati</strong></span> <span class='ocrx_word' id='word_1_378' title='bbox 1897 2783 2053 2866; x_wconf 89' lang='lat' dir='ltr'><strong>originis,</strong></span> <span class='ocrx_word' id='word_1_379' title='bbox 2081 2782 2199 2867; x_wconf 87' lang='lat' dir='ltr'><strong>Neque</strong></span> 
     </span>
     <span class='ocr_line' id='line_1_28' title="bbox 179 2864 2198 2954; baseline -0.002 -18"><span class='ocrx_word' id='word_1_380' title='bbox 179 2870 256 2936; x_wconf 86' lang='lat' dir='ltr'><strong>Dec</strong></span> <span class='ocrx_word' id='word_1_381' title='bbox 287 2872 441 2945; x_wconf 87' lang='lat' dir='ltr'><strong>eredere,</strong></span> <span class='ocrx_word' id='word_1_382' title='bbox 471 2871 599 2954; x_wconf 88' lang='lat' dir='ltr'><strong>quaerit</strong></span> <span class='ocrx_word' id='word_1_383' title='bbox 626 2880 659 2932; x_wconf 93' lang='lat' dir='ltr'><strong>et</strong></span> <span class='ocrx_word' id='word_1_384' title='bbox 686 2881 775 2934; x_wconf 88' lang='lat' dir='ltr'><strong>amat</strong></span> <span class='ocrx_word' id='word_1_385' title='bbox 802 2866 960 2933; x_wconf 87' lang='lat' dir='ltr'><strong>carnalia.</strong></span> <span class='ocrx_word' id='word_1_386' title='bbox 1005 2867 1163 2932; x_wconf 80' lang='lat' dir='ltr'><strong>Iudicium</strong></span> <span class='ocrx_word' id='word_1_387' title='bbox 1215 2872 1301 2933; x_wconf 90' lang='lat' dir='ltr'><strong>enim</strong></span> <span class='ocrx_word' id='word_1_388' title='bbox 1324 2878 1437 2951; x_wconf 91' lang='lat' dir='ltr'><strong>potest</strong></span> <span class='ocrx_word' id='word_1_389' title='bbox 1459 2864 1600 2953; x_wconf 89' lang='lat' dir='ltr'><strong>intelligi</strong></span> <span class='ocrx_word' id='word_1_390' title='bbox 1622 2869 1814 2953; x_wconf 87' lang='lat' dir='ltr'><strong>magnitudo</strong></span> <span class='ocrx_word' id='word_1_391' title='bbox 1837 2870 1965 2954; x_wconf 90' lang='lat' dir='ltr'><strong>gratiae</strong></span> <span class='ocrx_word' id='word_1_392' title='bbox 1981 2866 2115 2949; x_wconf 81' lang='lat' dir='ltr'><strong>Christi,</strong></span> <span class='ocrx_word' id='word_1_393' title='bbox 2133 2867 2198 2932; x_wconf 91' lang='lat' dir='ltr'><strong>uisi</strong></span> 
     </span>
     <span class='ocr_line' id='line_1_29' title="bbox 180 2951 2197 3039; baseline -0.003 -18"><span class='ocrx_word' id='word_1_394' title='bbox 180 2954 264 3034; x_wconf 90' lang='lat' dir='ltr'><strong>Dei,</strong></span> <span class='ocrx_word' id='word_1_395' title='bbox 292 2967 350 3021; x_wconf 91' lang='lat' dir='ltr'><strong>aut</strong></span> <span class='ocrx_word' id='word_1_396' title='bbox 371 2974 492 3021; x_wconf 89' lang='lat' dir='ltr'><strong>secura</strong></span> <span class='ocrx_word' id='word_1_397' title='bbox 513 2954 708 3031; x_wconf 89' lang='lat' dir='ltr'><strong>contemnit,</strong></span> <span class='ocrx_word' id='word_1_398' title='bbox 739 2966 797 3019; x_wconf 88' lang='lat' dir='ltr'><strong>aut</strong></span> <span class='ocrx_word' id='word_1_399' title='bbox 820 2954 888 3018; x_wconf 91' lang='lat' dir='ltr'><strong>odit</strong></span> <span class='ocrx_word' id='word_1_400' title='bbox 910 2951 1163 3038; x_wconf 85' lang='lat' dir='ltr'><strong>perterrefacta.</strong></span> <span class='ocrx_word' id='word_1_401' title='bbox 1215 2957 1341 3019; x_wconf 91' lang='lat' dir='ltr'><strong>morbis</strong></span> <span class='ocrx_word' id='word_1_402' title='bbox 1380 2955 1506 3017; x_wconf 88' lang='lat' dir='ltr'><strong>nostris</strong></span> <span class='ocrx_word' id='word_1_403' title='bbox 1539 2953 1694 3039; x_wconf 88' lang='lat' dir='ltr'><strong>cognitis.</strong></span> <span class='ocrx_word' id='word_1_404' title='bbox 1748 2953 1835 3017; x_wconf 84' lang='lat' dir='ltr'><strong>Tota</strong></span> <span class='ocrx_word' id='word_1_405' title='bbox 1874 2952 2015 3017; x_wconf 90' lang='lat' dir='ltr'><strong>hominis</strong></span> <span class='ocrx_word' id='word_1_406' title='bbox 2052 2953 2197 3033; x_wconf 89' lang='lat' dir='ltr'><strong>iusticia,</strong></span> 
     </span>
     <span class='ocr_line' id='line_1_30' title="bbox 180 3025 2197 3187; baseline -0.001 -83"><span class='ocrx_word' id='word_1_407' title='bbox 180 3041 231 3105; x_wconf 91' lang='lat' dir='ltr'><strong>lta</strong></span> <span class='ocrx_word' id='word_1_408' title='bbox 252 3053 286 3106; x_wconf 89' lang='lat' dir='ltr'><strong>et</strong></span> <span class='ocrx_word' id='word_1_409' title='bbox 309 3038 474 3105; x_wconf 87' lang='lat' dir='ltr'><strong>delectum</strong></span> <span class='ocrx_word' id='word_1_410' title='bbox 497 3037 728 3124; x_wconf 89' lang='lat' dir='ltr'><strong>complectitur</strong></span> <span class='ocrx_word' id='word_1_411' title='bbox 749 3040 978 3130; x_wconf 80' lang='lat' dir='ltr'><strong>Augustinus,</strong></span> <span class='ocrx_word' id='word_1_412' title='bbox 1006 3051 1039 3102; x_wconf 91' lang='lat' dir='ltr'><strong>et</strong></span> <span class='ocrx_word' id='word_1_413' title='bbox 1059 3039 1164 3104; x_wconf 70' lang='lat' dir='ltr'><strong>nicio·</strong></span> <span class='ocrx_word' id='word_1_414' title='bbox 1188 3025 1193 3083; x_wconf 81' lang='lat'>¹</span> <span class='ocrx_word' id='word_1_415' title='bbox 1215 3059 1307 3104; x_wconf 91' lang='lat' dir='ltr'><strong>mera</strong></span> <span class='ocrx_word' id='word_1_416' title='bbox 1329 3050 1381 3104; x_wconf 91' lang='lat' dir='ltr'><strong>est</strong></span> <span class='ocrx_word' id='word_1_417' title='bbox 1401 3037 1591 3123; x_wconf 86' lang='lat' dir='ltr'><strong>hypocrisis</strong></span> <span class='ocrx_word' id='word_1_418' title='bbox 1614 3059 1728 3104; x_wconf 88' lang='lat' dir='ltr'><strong>coram</strong></span> <span class='ocrx_word' id='word_1_419' title='bbox 1744 3037 1840 3118; x_wconf 89' lang='lat' dir='ltr'><strong>Dec,</strong></span> <span class='ocrx_word' id='word_1_420' title='bbox 1867 3039 1933 3102; x_wconf 91' lang='lat' dir='ltr'><strong>nisi</strong></span> <span class='ocrx_word' id='word_1_421' title='bbox 1961 3038 2197 3187; x_wconf 55' lang='lat' dir='ltr'><strong>agnouerimus</strong></span> 
     </span>
     <span class='ocr_line' id='line_1_31' title="bbox 181 3120 2197 3209; baseline -0.001 -17"><span class='ocrx_word' id='word_1_422' title='bbox 181 3147 254 3192; x_wconf 84' lang='lat' dir='ltr'><strong>srm</strong></span> <span class='ocrx_word' id='word_1_423' title='bbox 282 3125 430 3191; x_wconf 91' lang='lat' dir='ltr'><strong>habitum</strong></span> <span class='ocrx_word' id='word_1_424' title='bbox 464 3126 521 3209; x_wconf 91' lang='lat' dir='ltr'><strong>qui</strong></span> <span class='ocrx_word' id='word_1_425' title='bbox 547 3126 734 3202; x_wconf 85' lang='lat' dir='ltr'><strong>successit,</strong></span> <span class='ocrx_word' id='word_1_426' title='bbox 760 3124 878 3209; x_wconf 89' lang='lat' dir='ltr'><strong>Neque</strong></span> <span class='ocrx_word' id='word_1_427' title='bbox 904 3145 987 3190; x_wconf 89' lang='lat' dir='ltr'><strong>vero</strong></span> <span class='ocrx_word' id='word_1_428' title='bbox 1010 3123 1163 3207; x_wconf 86' lang='lat' dir='ltr'><strong>concupi·</strong></span> <span class='ocrx_word' id='word_1_429' title='bbox 1216 3146 1277 3191; x_wconf 91' lang='lat' dir='ltr'><strong>cor</strong></span> <span class='ocrx_word' id='word_1_430' title='bbox 1297 3122 1491 3190; x_wconf 88' lang='lat' dir='ltr'><strong>naturaliter</strong></span> <span class='ocrx_word' id='word_1_431' title='bbox 1513 3145 1636 3189; x_wconf 85' lang='lat' dir='ltr'><strong>vacare</strong></span> <span class='ocrx_word' id='word_1_432' title='bbox 1658 3144 1789 3200; x_wconf 84' lang='lat' dir='ltr'><strong>amore,</strong></span> <span class='ocrx_word' id='word_1_433' title='bbox 1822 3126 1957 3203; x_wconf 87' lang='lat' dir='ltr'><strong>timore,</strong></span> <span class='ocrx_word' id='word_1_434' title='bbox 2002 3124 2099 3188; x_wconf 90' lang='lat' dir='ltr'><strong>ducia</strong></span> <span class='ocrx_word' id='word_1_435' title='bbox 2119 3120 2197 3189; x_wconf 92' lang='lat' dir='ltr'><strong>Dei.</strong></span> 
     </span>
     <span class='ocr_line' id='line_1_32' title="bbox 181 3206 2197 3296; baseline -0.001 -22"><span class='ocrx_word' id='word_1_436' title='bbox 181 3213 312 3276; x_wconf 83' lang='lat' dir='ltr'><strong>scentia</strong></span> <span class='ocrx_word' id='word_1_437' title='bbox 344 3222 470 3276; x_wconf 86' lang='lat' dir='ltr'><strong>tantum</strong></span> <span class='ocrx_word' id='word_1_438' title='bbox 497 3210 666 3294; x_wconf 88' lang='lat' dir='ltr'><strong>corruptio</strong></span> <span class='ocrx_word' id='word_1_439' title='bbox 694 3208 888 3295; x_wconf 89' lang='lat' dir='ltr'><strong>qualitatum</strong></span> <span class='ocrx_word' id='word_1_440' title='bbox 919 3211 1071 3294; x_wconf 88' lang='lat' dir='ltr'><strong>corporis</strong></span> <span class='ocrx_word' id='word_1_441' title='bbox 1098 3222 1162 3287; x_wconf 90' lang='lat' dir='ltr'><strong>est,</strong></span> <span class='ocrx_word' id='word_1_442' title='bbox 1215 3211 1295 3277; x_wconf 90' lang='lat' dir='ltr'><strong>ldeo</strong></span> <span class='ocrx_word' id='word_1_443' title='bbox 1324 3208 1494 3295; x_wconf 89' lang='lat' dir='ltr'><strong>Propheta</strong></span> <span class='ocrx_word' id='word_1_444' title='bbox 1526 3211 1651 3296; x_wconf 89' lang='lat' dir='ltr'><strong>inquit,</strong></span> <span class='ocrx_word' id='word_1_445' title='bbox 1685 3211 1868 3295; x_wconf 90' lang='lat' dir='ltr'><strong>Postquam</strong></span> <span class='ocrx_word' id='word_1_446' title='bbox 1902 3209 2076 3274; x_wconf 88' lang='lat' dir='ltr'><strong>ostendisti</strong></span> <span class='ocrx_word' id='word_1_447' title='bbox 2106 3206 2197 3288; x_wconf 89' lang='lat' dir='ltr'><strong>mihi,</strong></span> 
     </span>
     <span class='ocr_line' id='line_1_33' title="bbox 180 3288 2198 3425; baseline -0.001 -63"><span class='ocrx_word' id='word_1_448' title='bbox 180 3297 250 3362; x_wconf 88' lang='lat' dir='ltr'><strong>Sed</strong></span> <span class='ocrx_word' id='word_1_449' title='bbox 268 3299 367 3362; x_wconf 91' lang='lat' dir='ltr'><strong>etiam</strong></span> <span class='ocrx_word' id='word_1_450' title='bbox 388 3316 493 3381; x_wconf 88' lang='lat' dir='ltr'><strong>praua</strong></span> <span class='ocrx_word' id='word_1_451' title='bbox 516 3296 693 3361; x_wconf 85' lang='lat' dir='ltr'><strong>conuersio</strong></span> <span class='ocrx_word' id='word_1_452' title='bbox 716 3296 758 3360; x_wconf 88' lang='lat' dir='ltr'><strong>ad</strong></span> <span class='ocrx_word' id='word_1_453' title='bbox 783 3293 929 3362; x_wconf 89' lang='lat' dir='ltr'><strong>carnalia</strong></span> <span class='ocrx_word' id='word_1_454' title='bbox 951 3297 985 3359; x_wconf 91' lang='lat' dir='ltr'><strong>in</strong></span> <span class='ocrx_word' id='word_1_455' title='bbox 1014 3296 1164 3381; x_wconf 89' lang='lat' dir='ltr'><strong>superio·</strong></span> <span class='ocrx_word' id='word_1_456' title='bbox 1188 3288 1194 3425; x_wconf 61' lang='grc' dir='ltr'><strong>ί</strong></span> <span class='ocrx_word' id='word_1_457' title='bbox 1215 3298 1368 3383; x_wconf 88' lang='lat' dir='ltr'><strong>percussi</strong></span> <span class='ocrx_word' id='word_1_458' title='bbox 1388 3297 1496 3362; x_wconf 86' lang='lat' dir='ltr'><strong>femur</strong></span> <span class='ocrx_word' id='word_1_459' title='bbox 1522 3317 1647 3375; x_wconf 91' lang='lat' dir='ltr'><strong>meum,</strong></span> <span class='ocrx_word' id='word_1_460' title='bbox 1675 3296 1766 3362; x_wconf 87' lang='lat' dir='ltr'><strong>ltem.</strong></span> <span class='ocrx_word' id='word_1_461' title='bbox 1786 3300 1836 3372; x_wconf 75' lang='grc'><strong>12)</strong></span> <span class='ocrx_word' id='word_1_462' title='bbox 1876 3295 1950 3381; x_wconf 91' lang='lat' dir='ltr'><strong>Ego</strong></span> <span class='ocrx_word' id='word_1_463' title='bbox 1985 3295 2051 3359; x_wconf 80' lang='lat' dir='ltr'><strong>dixi</strong></span> <span class='ocrx_word' id='word_1_464' title='bbox 2078 3295 2112 3359; x_wconf 90' lang='lat' dir='ltr'><strong>in</strong></span> <span class='ocrx_word' id='word_1_465' title='bbox 2141 3314 2198 3359; x_wconf 85' lang='lat' dir='ltr'><strong>ex-</strong></span> 
     </span>
     <span class='ocr_line' id='line_1_34' title="bbox 179 3378 2198 3467; baseline -0.001 -21"><span class='ocrx_word' id='word_1_466' title='bbox 179 3384 274 3448; x_wconf 86' lang='lat' dir='ltr'><strong>rihus</strong></span> <span class='ocrx_word' id='word_1_467' title='bbox 306 3382 449 3458; x_wconf 88' lang='lat' dir='ltr'><strong>viribus,</strong></span> <span class='ocrx_word' id='word_1_468' title='bbox 479 3380 551 3445; x_wconf 84' lang='lat' dir='ltr'><strong>Nec</strong></span> <span class='ocrx_word' id='word_1_469' title='bbox 578 3381 691 3445; x_wconf 89' lang='lat' dir='ltr'><strong>vident</strong></span> <span class='ocrx_word' id='word_1_470' title='bbox 719 3382 798 3466; x_wconf 89' lang='lat' dir='ltr'><strong>quid</strong></span> <span class='ocrx_word' id='word_1_471' title='bbox 828 3381 959 3460; x_wconf 90' lang='lat' dir='ltr'><strong>dicant,</strong></span> <span class='ocrx_word' id='word_1_472' title='bbox 986 3383 1042 3467; x_wconf 92' lang='lat' dir='ltr'><strong>qui</strong></span> <span class='ocrx_word' id='word_1_473' title='bbox 1063 3378 1164 3448; x_wconf 88' lang='lat' dir='ltr'><strong>simul</strong></span> <span class='ocrx_word' id='word_1_474' title='bbox 1188 3440 1192 3462; x_wconf 80' lang='grc'><strong>,</strong></span> <span class='ocrx_word' id='word_1_475' title='bbox 1216 3401 1315 3449; x_wconf 80' lang='lat' dir='ltr'><strong>cassu</strong></span> <span class='ocrx_word' id='word_1_476' title='bbox 1339 3402 1424 3453; x_wconf 81' lang='lat' dir='ltr'><strong>meo,</strong></span> <span class='ocrx_word' id='word_1_477' title='bbox 1448 3382 1564 3446; x_wconf 90' lang='lat' dir='ltr'><strong>Omnis</strong></span> <span class='ocrx_word' id='word_1_478' title='bbox 1587 3381 1688 3448; x_wconf 91' lang='lat' dir='ltr'><strong>homo</strong></span> <span class='ocrx_word' id='word_1_479' title='bbox 1711 3382 1865 3461; x_wconf 85' lang='lat' dir='ltr'><strong>mendax,</strong></span> <span class='ocrx_word' id='word_1_480' title='bbox 1886 3383 1921 3446; x_wconf 93' lang='lat' dir='ltr'><strong>id</strong></span> <span class='ocrx_word' id='word_1_481' title='bbox 1938 3392 2002 3459; x_wconf 86' lang='lat' dir='ltr'><strong>est,</strong></span> <span class='ocrx_word' id='word_1_482' title='bbox 2019 3400 2086 3446; x_wconf 88' lang='lat' dir='ltr'><strong>nou</strong></span> <span class='ocrx_word' id='word_1_483' title='bbox 2105 3390 2198 3445; x_wconf 88' lang='lat' dir='ltr'><strong>recte</strong></span> 
     </span>
     <span class='ocr_line' id='line_1_35' title="bbox 180 3465 1548 3551; baseline 0.001 -19"><span class='ocrx_word' id='word_1_484' title='bbox 180 3469 329 3534; x_wconf 86' lang='lat' dir='ltr'><strong>tribuunt</strong></span> <span class='ocrx_word' id='word_1_485' title='bbox 351 3466 473 3531; x_wconf 91' lang='lat' dir='ltr'><strong>homini</strong></span> <span class='ocrx_word' id='word_1_486' title='bbox 487 3503 488 3506; x_wconf 61' lang='lat'><em>=</em></span> <span class='ocrx_word' id='word_1_487' title='bbox 504 3467 809 3551; x_wconf 90' lang='lat' dir='ltr'><strong>concupiscentiam</strong></span> <span class='ocrx_word' id='word_1_488' title='bbox 838 3487 905 3531; x_wconf 88' lang='lat' dir='ltr'><strong>nou</strong></span> <span class='ocrx_word' id='word_1_489' title='bbox 934 3467 1163 3532; x_wconf 86' lang='lat' dir='ltr'><strong>mortificatam</strong></span> <span class='ocrx_word' id='word_1_490' title='bbox 1215 3469 1372 3534; x_wconf 86' lang='lat' dir='ltr'><strong>senciens</strong></span> <span class='ocrx_word' id='word_1_491' title='bbox 1395 3470 1437 3533; x_wconf 93' lang='lat' dir='ltr'><strong>de</strong></span> <span class='ocrx_word' id='word_1_492' title='bbox 1459 3465 1548 3533; x_wconf 80' lang='lat' dir='ltr'><strong>lleo.</strong></span> 
     </span>
     <span class='ocr_line' id='line_1_36' title="bbox 180 3548 2196 3639; baseline -0.002 -21"><span class='ocrx_word' id='word_1_493' title='bbox 180 3574 201 3619; x_wconf 93' lang='lat' dir='ltr'><strong>a</strong></span> <span class='ocrx_word' id='word_1_494' title='bbox 223 3554 340 3639; x_wconf 92' lang='lat' dir='ltr'><strong>spiritu</strong></span> <span class='ocrx_word' id='word_1_495' title='bbox 362 3563 492 3635; x_wconf 88' lang='lat' dir='ltr'><strong>sancto,</strong></span> <span class='ocrx_word' id='word_1_496' title='bbox 515 3565 547 3617; x_wconf 92' lang='lat' dir='ltr'><strong>et</strong></span> <span class='ocrx_word' id='word_1_497' title='bbox 568 3550 778 3618; x_wconf 89' lang='lat' dir='ltr'><strong>dilectionem</strong></span> <span class='ocrx_word' id='word_1_498' title='bbox 790 3550 863 3617; x_wconf 84' lang='lat' dir='ltr'><strong>Dei</strong></span> <span class='ocrx_word' id='word_1_499' title='bbox 885 3572 989 3636; x_wconf 89' lang='lat' dir='ltr'><strong>super</strong></span> <span class='ocrx_word' id='word_1_500' title='bbox 1011 3553 1132 3618; x_wconf 89' lang='lat' dir='ltr'><strong>omnia.</strong></span> <span class='ocrx_word' id='word_1_501' title='bbox 1301 3554 1365 3623; x_wconf 90' lang='lat' dir='ltr'><strong>llic</strong></span> <span class='ocrx_word' id='word_1_502' title='bbox 1387 3555 1431 3619; x_wconf 85' lang='lat' dir='ltr'><strong>lla</strong></span> <span class='ocrx_word' id='word_1_503' title='bbox 1457 3549 1762 3636; x_wconf 82' lang='lat' dir='ltr'><strong>ellantaduersarij</strong></span> <span class='ocrx_word' id='word_1_504' title='bbox 1780 3552 1877 3616; x_wconf 86' lang='lat' dir='ltr'><strong>etiam</strong></span> <span class='ocrx_word' id='word_1_505' title='bbox 1899 3549 2081 3615; x_wconf 91' lang='lat' dir='ltr'><strong>Lutherum</strong></span> <span class='ocrx_word' id='word_1_506' title='bbox 2104 3548 2196 3633; x_wconf 89' lang='lat' dir='ltr'><strong>quod</strong></span> 
     </span>
     <span class='ocr_line' id='line_1_37' title="bbox 266 3576 2196 3725; baseline -0.003 -22"><span class='ocrx_word' id='word_1_507' title='bbox 266 3639 339 3703; x_wconf 90' lang='lat' dir='ltr'><strong>Nos</strong></span> <span class='ocrx_word' id='word_1_508' title='bbox 361 3639 463 3725; x_wconf 88' lang='lat' dir='ltr'><strong>igitur</strong></span> <span class='ocrx_word' id='word_1_509' title='bbox 484 3650 577 3704; x_wconf 86' lang='lat' dir='ltr'><strong>recte</strong></span> <span class='ocrx_word' id='word_1_510' title='bbox 599 3640 825 3723; x_wconf 85' lang='lat' dir='ltr'><strong>expressimus</strong></span> <span class='ocrx_word' id='word_1_511' title='bbox 854 3649 1020 3723; x_wconf 85' lang='lat' dir='ltr'><strong>vtrunque</strong></span> <span class='ocrx_word' id='word_1_512' title='bbox 1045 3639 1078 3702; x_wconf 90' lang='lat' dir='ltr'><strong>ln</strong></span> <span class='ocrx_word' id='word_1_513' title='bbox 1107 3639 1163 3703; x_wconf 91' lang='lat' dir='ltr'><strong>de·</strong></span> <span class='ocrx_word' id='word_1_514' title='bbox 1214 3641 1410 3725; x_wconf 77' lang='lat' dir='ltr'><strong>scripserit,</strong></span> <span class='ocrx_word' id='word_1_515' title='bbox 1433 3576 1615 3703; x_wconf 60' lang='lat' dir='ltr'><strong>Peccatum</strong></span> <span class='ocrx_word' id='word_1_516' title='bbox 1638 3638 1776 3721; x_wconf 88' lang='lat' dir='ltr'><strong>originis</strong></span> <span class='ocrx_word' id='word_1_517' title='bbox 1806 3656 1940 3700; x_wconf 85' lang='lat' dir='ltr'><strong>manere</strong></span> <span class='ocrx_word' id='word_1_518' title='bbox 1962 3647 2040 3718; x_wconf 90' lang='lat' dir='ltr'><strong>post</strong></span> <span class='ocrx_word' id='word_1_519' title='bbox 2066 3633 2196 3717; x_wconf 88' lang='lat' dir='ltr'><strong>Baptis-</strong></span> 
     </span>
     <span class='ocr_line' id='line_1_38' title="bbox 181 3720 2196 3809; baseline -0.001 -22"><span class='ocrx_word' id='word_1_520' title='bbox 181 3726 362 3809; x_wconf 85' lang='lat' dir='ltr'><strong>scriptionc</strong></span> <span class='ocrx_word' id='word_1_521' title='bbox 379 3723 507 3809; x_wconf 87' lang='lat' dir='ltr'><strong>peccati</strong></span> <span class='ocrx_word' id='word_1_522' title='bbox 521 3721 713 3808; x_wconf 84' lang='lat' dir='ltr'><strong>Originalis,</strong></span> <span class='ocrx_word' id='word_1_523' title='bbox 731 3720 1049 3790; x_wconf 83' lang='lat' dir='ltr'><strong>videlicetdelectus</strong></span> <span class='ocrx_word' id='word_1_524' title='bbox 1071 3721 1162 3801; x_wconf 92' lang='lat' dir='ltr'><strong>illos,</strong></span> <span class='ocrx_word' id='word_1_525' title='bbox 1214 3746 1315 3801; x_wconf 88' lang='lat' dir='ltr'><strong>mum,</strong></span> <span class='ocrx_word' id='word_1_526' title='bbox 1340 3725 1477 3788; x_wconf 83' lang='lat' dir='ltr'><strong>Addunt</strong></span> <span class='ocrx_word' id='word_1_527' title='bbox 1498 3724 1587 3787; x_wconf 85' lang='lat' dir='ltr'><strong>hunc</strong></span> <span class='ocrx_word' id='word_1_528' title='bbox 1610 3720 1784 3786; x_wconf 90' lang='lat' dir='ltr'><strong>articulum</strong></span> <span class='ocrx_word' id='word_1_529' title='bbox 1807 3722 1878 3785; x_wconf 91' lang='lat' dir='ltr'><strong>iure</strong></span> <span class='ocrx_word' id='word_1_530' title='bbox 1905 3723 2092 3785; x_wconf 88' lang='lat' dir='ltr'><strong>damnatum</strong></span> <span class='ocrx_word' id='word_1_531' title='bbox 2116 3740 2196 3786; x_wconf 89' lang='lat' dir='ltr'><strong>esse</strong></span> 
     </span>
     <span class='ocr_line' id='line_1_39' title="bbox 180 3802 2195 3894; baseline -0.001 -21"><span class='ocrx_word' id='word_1_532' title='bbox 180 3828 249 3873; x_wconf 92' lang='lat' dir='ltr'><strong>non</strong></span> <span class='ocrx_word' id='word_1_533' title='bbox 271 3829 374 3892; x_wconf 90' lang='lat' dir='ltr'><strong>posse</strong></span> <span class='ocrx_word' id='word_1_534' title='bbox 396 3808 472 3873; x_wconf 89' lang='lat' dir='ltr'><strong>Deo</strong></span> <span class='ocrx_word' id='word_1_535' title='bbox 501 3810 657 3884; x_wconf 89' lang='lat' dir='ltr'><strong>credere,</strong></span> <span class='ocrx_word' id='word_1_536' title='bbox 685 3830 752 3872; x_wconf 90' lang='lat' dir='ltr'><strong>non</strong></span> <span class='ocrx_word' id='word_1_537' title='bbox 786 3829 890 3894; x_wconf 91' lang='lat' dir='ltr'><strong>posse</strong></span> <span class='ocrx_word' id='word_1_538' title='bbox 912 3807 1020 3873; x_wconf 86' lang='lat' dir='ltr'><strong>Deum</strong></span> <span class='ocrx_word' id='word_1_539' title='bbox 1048 3812 1163 3874; x_wconf 90' lang='lat' dir='ltr'><strong>timere</strong></span> <span class='ocrx_word' id='word_1_540' title='bbox 1215 3830 1236 3873; x_wconf 88' lang='lat' dir='ltr'><strong>a</strong></span> <span class='ocrx_word' id='word_1_541' title='bbox 1258 3807 1372 3873; x_wconf 87' lang='lat' dir='ltr'><strong>Leone</strong></span> <span class='ocrx_word' id='word_1_542' title='bbox 1394 3831 1426 3874; x_wconf 86' lang='lat' dir='ltr'><strong>x.</strong></span> <span class='ocrx_word' id='word_1_543' title='bbox 1447 3809 1514 3873; x_wconf 89' lang='lat' dir='ltr'><strong>Sed</strong></span> <span class='ocrx_word' id='word_1_544' title='bbox 1535 3806 1654 3872; x_wconf 81' lang='lat' dir='ltr'><strong>Caesa.</strong></span> <span class='ocrx_word' id='word_1_545' title='bbox 1677 3805 1745 3872; x_wconf 88' lang='lat' dir='ltr'><strong>Ma.</strong></span> <span class='ocrx_word' id='word_1_546' title='bbox 1766 3807 1798 3870; x_wconf 87' lang='lat' dir='ltr'><strong>in</strong></span> <span class='ocrx_word' id='word_1_547' title='bbox 1821 3804 1974 3871; x_wconf 91' lang='lat' dir='ltr'><strong>hocloco</strong></span> <span class='ocrx_word' id='word_1_548' title='bbox 1988 3802 2195 3870; x_wconf 82' lang='lat' dir='ltr'><strong>manifestam</strong></span> 
     </span>
     <span class='ocr_line' id='line_1_40' title="bbox 180 3890 2197 3980; baseline -0.001 -21"><span class='ocrx_word' id='word_1_549' title='bbox 180 3914 222 3961; x_wconf 90' lang='lat' dir='ltr'><strong>ac</strong></span> <span class='ocrx_word' id='word_1_550' title='bbox 255 3893 404 3980; x_wconf 89' lang='lat' dir='ltr'><strong>diligere.</strong></span> <span class='ocrx_word' id='word_1_551' title='bbox 459 3893 540 3958; x_wconf 92' lang='lat' dir='ltr'><strong>ltem</strong></span> <span class='ocrx_word' id='word_1_552' title='bbox 579 3892 704 3958; x_wconf 89' lang='lat' dir='ltr'><strong>habere</strong></span> <span class='ocrx_word' id='word_1_553' title='bbox 737 3895 1042 3977; x_wconf 87' lang='lat' dir='ltr'><strong>concupiscentiam</strong></span> <span class='ocrx_word' id='word_1_554' title='bbox 1077 3914 1163 3978; x_wconf 92' lang='lat' dir='ltr'><strong>quae</strong></span> <span class='ocrx_word' id='word_1_555' title='bbox 1215 3892 1412 3959; x_wconf 89' lang='lat' dir='ltr'><strong>calumniam</strong></span> <span class='ocrx_word' id='word_1_556' title='bbox 1435 3890 1667 3978; x_wconf 91' lang='lat' dir='ltr'><strong>deprehendet.</strong></span> <span class='ocrx_word' id='word_1_557' title='bbox 1703 3891 1819 3957; x_wconf 88' lang='lat' dir='ltr'><strong>Sciunt</strong></span> <span class='ocrx_word' id='word_1_558' title='bbox 1847 3893 1933 3956; x_wconf 81' lang='lat' dir='ltr'><strong>errim</strong></span> <span class='ocrx_word' id='word_1_559' title='bbox 1955 3891 2138 3976; x_wconf 87' lang='lat' dir='ltr'><strong>aduersarij</strong></span> <span class='ocrx_word' id='word_1_560' title='bbox 2161 3892 2197 3956; x_wconf 86' lang='lat' dir='ltr'><strong>in</strong></span> 
     </span>
     <span class='ocr_line' id='line_1_41' title="bbox 181 3974 2196 4065; baseline -0.001 -22"><span class='ocrx_word' id='word_1_561' title='bbox 181 3980 330 4045; x_wconf 89' lang='lat' dir='ltr'><strong>carnalia</strong></span> <span class='ocrx_word' id='word_1_562' title='bbox 352 3981 482 4064; x_wconf 90' lang='lat' dir='ltr'><strong>quaerit</strong></span> <span class='ocrx_word' id='word_1_563' title='bbox 505 3991 621 4042; x_wconf 88' lang='lat' dir='ltr'><strong>contra</strong></span> <span class='ocrx_word' id='word_1_564' title='bbox 642 3982 782 4044; x_wconf 72' lang='lat' dir='ltr'><strong>uerbum</strong></span> <span class='ocrx_word' id='word_1_565' title='bbox 800 3978 877 4056; x_wconf 89' lang='lat' dir='ltr'><strong>Dei,</strong></span> <span class='ocrx_word' id='word_1_566' title='bbox 887 3977 954 4041; x_wconf 93' lang='lat' dir='ltr'><strong>hoo</strong></span> <span class='ocrx_word' id='word_1_567' title='bbox 976 3991 1039 4055; x_wconf 95' lang='lat' dir='ltr'><strong>est,</strong></span> <span class='ocrx_word' id='word_1_568' title='bbox 1062 3998 1162 4063; x_wconf 91' lang='lat' dir='ltr'><strong>quae·</strong></span> <span class='ocrx_word' id='word_1_569' title='bbox 1215 4001 1312 4065; x_wconf 91' lang='lat' dir='ltr'><strong>quam</strong></span> <span class='ocrx_word' id='word_1_570' title='bbox 1335 3981 1538 4043; x_wconf 91' lang='lat' dir='ltr'><strong>sentenciam</strong></span> <span class='ocrx_word' id='word_1_571' title='bbox 1561 3976 1728 4043; x_wconf 85' lang='lat' dir='ltr'><strong>Lutherus</strong></span> <span class='ocrx_word' id='word_1_572' title='bbox 1751 3980 1816 4044; x_wconf 92' lang='lat' dir='ltr'><strong>hoc</strong></span> <span class='ocrx_word' id='word_1_573' title='bbox 1837 3979 1959 4043; x_wconf 88' lang='lat' dir='ltr'><strong>dictum</strong></span> <span class='ocrx_word' id='word_1_574' title='bbox 1982 3974 2078 4054; x_wconf 87' lang='lat' dir='ltr'><strong>velit,</strong></span> <span class='ocrx_word' id='word_1_575' title='bbox 2106 3976 2196 4062; x_wconf 89' lang='lat' dir='ltr'><strong>quod</strong></span> 
     </span>
     <span class='ocr_line' id='line_1_42' title="bbox 179 4062 2274 4151; baseline -0.001 -22"><span class='ocrx_word' id='word_1_576' title='bbox 179 4067 223 4129; x_wconf 90' lang='lat' dir='ltr'><strong>rit</strong></span> <span class='ocrx_word' id='word_1_577' title='bbox 244 4087 312 4131; x_wconf 90' lang='lat' dir='ltr'><strong>non</strong></span> <span class='ocrx_word' id='word_1_578' title='bbox 336 4062 446 4129; x_wconf 91' lang='lat' dir='ltr'><strong>solum</strong></span> <span class='ocrx_word' id='word_1_579' title='bbox 473 4063 665 4149; x_wconf 77' lang='lat' dir='ltr'><strong>voluptates</strong></span> <span class='ocrx_word' id='word_1_580' title='bbox 693 4065 864 4148; x_wconf 89' lang='lat' dir='ltr'><strong>eorporis,</strong></span> <span class='ocrx_word' id='word_1_581' title='bbox 890 4064 951 4127; x_wconf 89' lang='lat' dir='ltr'><strong>sed</strong></span> <span class='ocrx_word' id='word_1_582' title='bbox 985 4065 1084 4128; x_wconf 85' lang='lat' dir='ltr'><strong>etiam</strong></span> <span class='ocrx_word' id='word_1_583' title='bbox 1112 4082 1191 4127; x_wconf 86' lang='lat' dir='ltr'><strong>sa·.</strong></span> <span class='ocrx_word' id='word_1_584' title='bbox 1239 4077 1389 4131; x_wconf 88' lang='lat' dir='ltr'><strong>eccatum</strong></span> <span class='ocrx_word' id='word_1_585' title='bbox 1422 4065 1558 4151; x_wconf 88' lang='lat' dir='ltr'><strong>originis</strong></span> <span class='ocrx_word' id='word_1_586' title='bbox 1595 4062 1755 4149; x_wconf 77' lang='lat' dir='ltr'><strong>reliquum</strong></span> <span class='ocrx_word' id='word_1_587' title='bbox 1795 4064 1838 4127; x_wconf 92' lang='lat' dir='ltr'><strong>sit</strong></span> <span class='ocrx_word' id='word_1_588' title='bbox 1869 4075 1947 4148; x_wconf 87' lang='lat' dir='ltr'><strong>post</strong></span> <span class='ocrx_word' id='word_1_589' title='bbox 1978 4062 2195 4147; x_wconf 85' lang='lat' dir='ltr'><strong>Baptismunr,</strong></span> <span class='ocrx_word' id='word_1_590' title='bbox 2272 4141 2274 4147; x_wconf 17' lang='grc' dir='ltr'>ι</span> 
     </span>
     <span class='ocr_line' id='line_1_43' title="bbox 180 4145 2195 4237; baseline -0.001 -23"><span class='ocrx_word' id='word_1_591' title='bbox 180 4153 336 4236; x_wconf 88' lang='lat' dir='ltr'><strong>pientiam</strong></span> <span class='ocrx_word' id='word_1_592' title='bbox 358 4162 393 4215; x_wconf 89' lang='lat' dir='ltr'><strong>et</strong></span> <span class='ocrx_word' id='word_1_593' title='bbox 413 4150 577 4214; x_wconf 89' lang='lat' dir='ltr'><strong>iusticiam</strong></span> <span class='ocrx_word' id='word_1_594' title='bbox 600 4148 788 4229; x_wconf 87' lang='lat' dir='ltr'><strong>carnalem,</strong></span> <span class='ocrx_word' id='word_1_595' title='bbox 814 4160 847 4215; x_wconf 89' lang='lat' dir='ltr'><strong>et</strong></span> <span class='ocrx_word' id='word_1_596' title='bbox 870 4147 1006 4215; x_wconf 87' lang='lat' dir='ltr'><strong>confidit</strong></span> <span class='ocrx_word' id='word_1_597' title='bbox 1026 4148 1081 4214; x_wconf 90' lang='lat' dir='ltr'><strong>his</strong></span> <span class='ocrx_word' id='word_1_598' title='bbox 1106 4150 1163 4237; x_wconf 88' lang='lat' dir='ltr'><strong>bo·</strong></span> <span class='ocrx_word' id='word_1_599' title='bbox 1216 4158 1354 4232; x_wconf 64' lang='lat' dir='ltr'><strong>semper</strong></span> <span class='ocrx_word' id='word_1_600' title='bbox 1374 4152 1418 4214; x_wconf 91' lang='lat' dir='ltr'><strong>ita</strong></span> <span class='ocrx_word' id='word_1_601' title='bbox 1442 4152 1592 4234; x_wconf 86' lang='lat' dir='ltr'><strong>scripsit,</strong></span> <span class='ocrx_word' id='word_1_602' title='bbox 1616 4150 1704 4235; x_wconf 91' lang='lat' dir='ltr'><strong>quod</strong></span> <span class='ocrx_word' id='word_1_603' title='bbox 1727 4148 1918 4234; x_wconf 81' lang='lat' dir='ltr'><strong>Baptismus</strong></span> <span class='ocrx_word' id='word_1_604' title='bbox 1947 4145 2041 4213; x_wconf 90' lang='lat' dir='ltr'><strong>tollat</strong></span> <span class='ocrx_word' id='word_1_605' title='bbox 2067 4160 2195 4212; x_wconf 83' lang='lat' dir='ltr'><strong>reatum</strong></span> 
     </span>
     <span class='ocr_line' id='line_1_44' title="bbox 180 4231 2194 4322; baseline -0.001 -23"><span class='ocrx_word' id='word_1_606' title='bbox 180 4240 252 4317; x_wconf 92' lang='lat' dir='ltr'><strong>nis,</strong></span> <span class='ocrx_word' id='word_1_607' title='bbox 274 4250 493 4303; x_wconf 89' lang='lat' dir='ltr'><strong>contemnens</strong></span> <span class='ocrx_word' id='word_1_608' title='bbox 515 4234 635 4314; x_wconf 91' lang='lat' dir='ltr'><strong>Deum,</strong></span> <span class='ocrx_word' id='word_1_609' title='bbox 667 4235 784 4321; x_wconf 89' lang='lat' dir='ltr'><strong>Neque</strong></span> <span class='ocrx_word' id='word_1_610' title='bbox 804 4231 914 4302; x_wconf 91' lang='lat' dir='ltr'><strong>solum</strong></span> <span class='ocrx_word' id='word_1_611' title='bbox 937 4247 1082 4313; x_wconf 86' lang='lat' dir='ltr'><strong>veteres,</strong></span> <span class='ocrx_word' id='word_1_612' title='bbox 1101 4234 1163 4298; x_wconf 88' lang='lat' dir='ltr'><strong>sed</strong></span> <span class='ocrx_word' id='word_1_613' title='bbox 1214 4237 1345 4320; x_wconf 87' lang='lat' dir='ltr'><strong>peceati</strong></span> <span class='ocrx_word' id='word_1_614' title='bbox 1367 4234 1551 4322; x_wconf 85' lang='lat' dir='ltr'><strong>originalis,</strong></span> <span class='ocrx_word' id='word_1_615' title='bbox 1568 4236 1665 4299; x_wconf 89' lang='lat' dir='ltr'><strong>etiam</strong></span> <span class='ocrx_word' id='word_1_616' title='bbox 1689 4235 1718 4297; x_wconf 85' lang='lat' dir='ltr'><strong>si</strong></span> <span class='ocrx_word' id='word_1_617' title='bbox 1740 4231 1920 4314; x_wconf 90' lang='lat' dir='ltr'><strong>materiale,</strong></span> <span class='ocrx_word' id='word_1_618' title='bbox 1940 4246 1974 4297; x_wconf 92' lang='lat' dir='ltr'><strong>vt</strong></span> <span class='ocrx_word' id='word_1_619' title='bbox 1994 4235 2049 4297; x_wconf 91' lang='lat' dir='ltr'><strong>isti</strong></span> <span class='ocrx_word' id='word_1_620' title='bbox 2059 4243 2194 4310; x_wconf 88' lang='lat' dir='ltr'><strong>vocant,</strong></span> 
     </span>
     <span class='ocr_line' id='line_1_45' title="bbox 179 4317 2195 4408; baseline -0.003 -21"><span class='ocrx_word' id='word_1_621' title='bbox 179 4326 279 4388; x_wconf 87' lang='lat' dir='ltr'><strong>etiam</strong></span> <span class='ocrx_word' id='word_1_622' title='bbox 302 4321 525 4398; x_wconf 90' lang='lat' dir='ltr'><strong>recentiores,</strong></span> <span class='ocrx_word' id='word_1_623' title='bbox 555 4321 590 4385; x_wconf 89' lang='lat' dir='ltr'><strong>Si</strong></span> <span class='ocrx_word' id='word_1_624' title='bbox 621 4322 777 4405; x_wconf 88' lang='lat' dir='ltr'><strong>quisunt</strong></span> <span class='ocrx_word' id='word_1_625' title='bbox 800 4321 1014 4388; x_wconf 88' lang='lat' dir='ltr'><strong>cordaciores</strong></span> <span class='ocrx_word' id='word_1_626' title='bbox 1042 4323 1164 4387; x_wconf 89' lang='lat' dir='ltr'><strong>docent</strong></span> <span class='ocrx_word' id='word_1_627' title='bbox 1214 4323 1343 4408; x_wconf 89' lang='lat' dir='ltr'><strong>peccati</strong></span> <span class='ocrx_word' id='word_1_628' title='bbox 1376 4335 1525 4398; x_wconf 82' lang='lat' dir='ltr'><strong>maneat,</strong></span> <span class='ocrx_word' id='word_1_629' title='bbox 1565 4320 1720 4385; x_wconf 86' lang='lat' dir='ltr'><strong>videlicet</strong></span> <span class='ocrx_word' id='word_1_630' title='bbox 1761 4320 2039 4403; x_wconf 82' lang='lat' dir='ltr'><strong>concupiscentia.</strong></span> <span class='ocrx_word' id='word_1_631' title='bbox 2094 4317 2195 4382; x_wconf 91' lang='lat' dir='ltr'><strong>Addi-</strong></span> 
     </span>
     <span class='ocr_line' id='line_1_46' title="bbox 181 4403 2195 4492; baseline -0.002 -20"><span class='ocrx_word' id='word_1_632' title='bbox 181 4408 282 4474; x_wconf 90' lang='lat' dir='ltr'><strong>simul</strong></span> <span class='ocrx_word' id='word_1_633' title='bbox 309 4410 375 4472; x_wconf 87' lang='lat' dir='ltr'><strong>ista</strong></span> <span class='ocrx_word' id='word_1_634' title='bbox 396 4426 478 4471; x_wconf 86' lang='lat' dir='ltr'><strong>vere</strong></span> <span class='ocrx_word' id='word_1_635' title='bbox 505 4419 677 4489; x_wconf 88' lang='lat' dir='ltr'><strong>peccatum</strong></span> <span class='ocrx_word' id='word_1_636' title='bbox 710 4407 850 4492; x_wconf 86' lang='lat' dir='ltr'><strong>originis</strong></span> <span class='ocrx_word' id='word_1_637' title='bbox 881 4426 976 4485; x_wconf 87' lang='lat' dir='ltr'><strong>esse,</strong></span> <span class='ocrx_word' id='word_1_638' title='bbox 1009 4404 1162 4471; x_wconf 81' lang='lat' dir='ltr'><strong>delectus</strong></span> <span class='ocrx_word' id='word_1_639' title='bbox 1214 4409 1328 4486; x_wconf 81' lang='lat' dir='ltr'><strong>dit¹³)</strong></span> <span class='ocrx_word' id='word_1_640' title='bbox 1361 4408 1459 4472; x_wconf 89' lang='lat' dir='ltr'><strong>etiam</strong></span> <span class='ocrx_word' id='word_1_641' title='bbox 1488 4409 1530 4471; x_wconf 90' lang='lat' dir='ltr'><strong>de</strong></span> <span class='ocrx_word' id='word_1_642' title='bbox 1557 4403 1735 4483; x_wconf 89' lang='lat' dir='ltr'><strong>materiali,</strong></span> <span class='ocrx_word' id='word_1_643' title='bbox 1769 4407 1857 4490; x_wconf 91' lang='lat' dir='ltr'><strong>quod</strong></span> <span class='ocrx_word' id='word_1_644' title='bbox 1889 4407 2024 4469; x_wconf 83' lang='lat' dir='ltr'><strong>siritus</strong></span> <span class='ocrx_word' id='word_1_645' title='bbox 2057 4416 2195 4468; x_wconf 89' lang='lat' dir='ltr'><strong>sanctus</strong></span> 
     </span>
     <span class='ocr_line' id='line_1_47' title="bbox 180 4428 2195 4578; baseline -0.003 -19"><span class='ocrx_word' id='word_1_646' title='bbox 180 4493 348 4573; x_wconf 80' lang='lat' dir='ltr'><strong>videlicet,</strong></span> <span class='ocrx_word' id='word_1_647' title='bbox 372 4512 458 4576; x_wconf 83' lang='lat' dir='ltr'><strong>quos</strong></span> <span class='ocrx_word' id='word_1_648' title='bbox 488 4493 658 4570; x_wconf 84' lang='lat' dir='ltr'><strong>recensui,</strong></span> <span class='ocrx_word' id='word_1_649' title='bbox 688 4507 722 4557; x_wconf 92' lang='lat' dir='ltr'><strong>et</strong></span> <span class='ocrx_word' id='word_1_650' title='bbox 750 4493 1061 4576; x_wconf 87' lang='lat' dir='ltr'><strong>concupiscentiam.</strong></span> <span class='ocrx_word' id='word_1_651' title='bbox 1105 4490 1163 4556; x_wconf 88' lang='lat' dir='ltr'><strong>Sic</strong></span> <span class='ocrx_word' id='word_1_652' title='bbox 1214 4494 1314 4558; x_wconf 87' lang='lat' dir='ltr'><strong>datus</strong></span> <span class='ocrx_word' id='word_1_653' title='bbox 1336 4512 1397 4578; x_wconf 87' lang='lat' dir='ltr'><strong>per</strong></span> <span class='ocrx_word' id='word_1_654' title='bbox 1423 4492 1646 4577; x_wconf 87' lang='lat' dir='ltr'><strong>Baptismum,</strong></span> <span class='ocrx_word' id='word_1_655' title='bbox 1670 4493 1783 4577; x_wconf 88' lang='lat' dir='ltr'><strong>incipit</strong></span> <span class='ocrx_word' id='word_1_656' title='bbox 1810 4428 2010 4555; x_wconf 53' lang='lat' dir='ltr'><strong>momihcare</strong></span> <span class='ocrx_word' id='word_1_657' title='bbox 2038 4490 2195 4573; x_wconf 87' lang='lat' dir='ltr'><strong>concupi-</strong></span> 
     </span>
     <span class='ocr_line' id='line_1_48' title="bbox 182 4573 2195 4663; baseline -0.002 -19"><span class='ocrx_word' id='word_1_658' title='bbox 182 4582 268 4644; x_wconf 90' lang='lat' dir='ltr'><strong>enim</strong></span> <span class='ocrx_word' id='word_1_659' title='bbox 291 4580 396 4663; x_wconf 89' lang='lat' dir='ltr'><strong>inquit</strong></span> <span class='ocrx_word' id='word_1_660' title='bbox 417 4576 580 4655; x_wconf 79' lang='lat' dir='ltr'><strong>Thomas,</strong></span> <span class='ocrx_word' id='word_1_661' title='bbox 604 4577 782 4644; x_wconf 86' lang='lat' dir='ltr'><strong>Peccatum</strong></span> <span class='ocrx_word' id='word_1_662' title='bbox 809 4579 946 4662; x_wconf 88' lang='lat' dir='ltr'><strong>originis</strong></span> <span class='ocrx_word' id='word_1_663' title='bbox 968 4577 1071 4641; x_wconf 90' lang='lat' dir='ltr'><strong>habet</strong></span> <span class='ocrx_word' id='word_1_664' title='bbox 1097 4578 1162 4660; x_wconf 86' lang='lat' dir='ltr'><strong>pri·</strong></span> <span class='ocrx_word' id='word_1_665' title='bbox 1213 4580 1393 4658; x_wconf 88' lang='lat' dir='ltr'><strong>scentiam,</strong></span> <span class='ocrx_word' id='word_1_666' title='bbox 1426 4591 1458 4643; x_wconf 89' lang='lat' dir='ltr'><strong>et</strong></span> <span class='ocrx_word' id='word_1_667' title='bbox 1488 4597 1596 4644; x_wconf 90' lang='lat' dir='ltr'><strong>nouos</strong></span> <span class='ocrx_word' id='word_1_668' title='bbox 1628 4588 1741 4642; x_wconf 93' lang='lat' dir='ltr'><strong>motus</strong></span> <span class='ocrx_word' id='word_1_669' title='bbox 1770 4588 1861 4641; x_wconf 88' lang='lat' dir='ltr'><strong>creat</strong></span> <span class='ocrx_word' id='word_1_670' title='bbox 1887 4578 1920 4641; x_wconf 91' lang='lat' dir='ltr'><strong>in</strong></span> <span class='ocrx_word' id='word_1_671' title='bbox 1953 4573 2096 4641; x_wconf 92' lang='lat' dir='ltr'><strong>homine.</strong></span> <span class='ocrx_word' id='word_1_672' title='bbox 2140 4574 2195 4639; x_wconf 88' lang='lat' dir='ltr'><strong>Ad</strong></span> 
     </span>
     <span class='ocr_line' id='line_1_49' title="bbox 182 4661 2214 4751; baseline -0.003 -21"><span class='ocrx_word' id='word_1_673' title='bbox 182 4667 349 4730; x_wconf 84' lang='lat' dir='ltr'><strong>nationem</strong></span> <span class='ocrx_word' id='word_1_674' title='bbox 373 4661 546 4748; x_wconf 88' lang='lat' dir='ltr'><strong>originalis</strong></span> <span class='ocrx_word' id='word_1_675' title='bbox 569 4665 731 4742; x_wconf 82' lang='lat' dir='ltr'><strong>laeticiae,</strong></span> <span class='ocrx_word' id='word_1_676' title='bbox 754 4676 788 4728; x_wconf 92' lang='lat' dir='ltr'><strong>et</strong></span> <span class='ocrx_word' id='word_1_677' title='bbox 810 4684 885 4728; x_wconf 90' lang='lat' dir='ltr'><strong>cum</strong></span> <span class='ocrx_word' id='word_1_678' title='bbox 907 4661 974 4728; x_wconf 90' lang='lat' dir='ltr'><strong>hoc</strong></span> <span class='ocrx_word' id='word_1_679' title='bbox 995 4662 1163 4728; x_wconf 86' lang='lat' dir='ltr'><strong>inordina·</strong></span> <span class='ocrx_word' id='word_1_680' title='bbox 1215 4666 1356 4731; x_wconf 89' lang='lat' dir='ltr'><strong>eu&#39;ndem</strong></span> <span class='ocrx_word' id='word_1_681' title='bbox 1384 4666 1518 4730; x_wconf 92' lang='lat' dir='ltr'><strong>modum</strong></span> <span class='ocrx_word' id='word_1_682' title='bbox 1549 4662 1694 4748; x_wconf 89' lang='lat' dir='ltr'><strong>loquitur</strong></span> <span class='ocrx_word' id='word_1_683' title='bbox 1727 4673 1761 4727; x_wconf 90' lang='lat' dir='ltr'><strong>et</strong></span> <span class='ocrx_word' id='word_1_684' title='bbox 1787 4662 2017 4746; x_wconf 89' lang='lat' dir='ltr'><strong>Augustinus,</strong></span> <span class='ocrx_word' id='word_1_685' title='bbox 2051 4662 2106 4751; x_wconf 88' lang='lat' dir='ltr'><strong>qqi</strong></span> <span class='ocrx_word' id='word_1_686' title='bbox 2138 4662 2214 4737; x_wconf 68' lang='lat' dir='ltr'><strong>ait·</strong></span> 
     </span>
     <span class='ocr_line' id='line_1_50' title="bbox 184 4747 2195 4835; baseline -0.003 -19"><span class='ocrx_word' id='word_1_687' title='bbox 184 4763 250 4816; x_wconf 90' lang='lat' dir='ltr'><strong>tam</strong></span> <span class='ocrx_word' id='word_1_688' title='bbox 280 4748 530 4835; x_wconf 88' lang='lat' dir='ltr'><strong>dispositionem</strong></span> <span class='ocrx_word' id='word_1_689' title='bbox 556 4754 698 4832; x_wconf 86' lang='lat' dir='ltr'><strong>partium</strong></span> <span class='ocrx_word' id='word_1_690' title='bbox 725 4750 871 4828; x_wconf 86' lang='lat' dir='ltr'><strong>anirnae,</strong></span> <span class='ocrx_word' id='word_1_691' title='bbox 899 4748 987 4814; x_wconf 89' lang='lat' dir='ltr'><strong>vnde</strong></span> <span class='ocrx_word' id='word_1_692' title='bbox 1014 4769 1081 4814; x_wconf 90' lang='lat' dir='ltr'><strong>non</strong></span> <span class='ocrx_word' id='word_1_693' title='bbox 1109 4758 1163 4812; x_wconf 88' lang='lat' dir='ltr'><strong>est</strong></span> <span class='ocrx_word' id='word_1_694' title='bbox 1213 4751 1401 4816; x_wconf 88' lang='lat' dir='ltr'><strong>Peccatum</strong></span> <span class='ocrx_word' id='word_1_695' title='bbox 1417 4751 1451 4814; x_wconf 89' lang='lat' dir='ltr'><strong>in</strong></span> <span class='ocrx_word' id='word_1_696' title='bbox 1473 4751 1645 4834; x_wconf 86' lang='lat' dir='ltr'><strong>Baptismo</strong></span> <span class='ocrx_word' id='word_1_697' title='bbox 1667 4749 1860 4826; x_wconf 91' lang='lat' dir='ltr'><strong>remittitur,</strong></span> <span class='ocrx_word' id='word_1_698' title='bbox 1888 4769 1956 4812; x_wconf 90' lang='lat' dir='ltr'><strong>non</strong></span> <span class='ocrx_word' id='word_1_699' title='bbox 1978 4759 2015 4811; x_wconf 83' lang='lat' dir='ltr'><strong>vt</strong></span> <span class='ocrx_word' id='word_1_700' title='bbox 2043 4766 2111 4811; x_wconf 91' lang='lat' dir='ltr'><strong>non</strong></span> <span class='ocrx_word' id='word_1_701' title='bbox 2141 4747 2195 4831; x_wconf 88' lang='lat' dir='ltr'><strong>sit,</strong></span> 
     </span>
     <span class='ocr_line' id='line_1_51' title="bbox 206 4830 2195 4920; baseline -0.002 -20"><span class='ocrx_word' id='word_1_702' title='bbox 206 4838 332 4902; x_wconf 90' lang='lat' dir='ltr'><strong>riuacio</strong></span> <span class='ocrx_word' id='word_1_703' title='bbox 355 4855 457 4918; x_wconf 90' lang='lat' dir='ltr'><strong>pura,</strong></span> <span class='ocrx_word' id='word_1_704' title='bbox 480 4834 550 4899; x_wconf 81' lang='lat' dir='ltr'><strong>Sed</strong></span> <span class='ocrx_word' id='word_1_705' title='bbox 572 4834 704 4918; x_wconf 86' lang='lat' dir='ltr'><strong>quidam</strong></span> <span class='ocrx_word' id='word_1_706' title='bbox 726 4833 859 4899; x_wconf 88' lang='lat' dir='ltr'><strong>habitus</strong></span> <span class='ocrx_word' id='word_1_707' title='bbox 887 4845 1076 4918; x_wconf 91' lang='lat' dir='ltr'><strong>corruptus.</strong></span> <span class='ocrx_word' id='word_1_708' title='bbox 1120 4830 1162 4897; x_wconf 85' lang='lat' dir='ltr'><strong>Et</strong></span> <span class='ocrx_word' id='word_1_709' title='bbox 1214 4835 1276 4900; x_wconf 93' lang='lat' dir='ltr'><strong>sed</strong></span> <span class='ocrx_word' id='word_1_710' title='bbox 1299 4846 1335 4898; x_wconf 88' lang='lat' dir='ltr'><strong>vt</strong></span> <span class='ocrx_word' id='word_1_711' title='bbox 1358 4856 1425 4899; x_wconf 92' lang='lat' dir='ltr'><strong>non</strong></span> <span class='ocrx_word' id='word_1_712' title='bbox 1447 4836 1634 4920; x_wconf 91' lang='lat' dir='ltr'><strong>imputetur.</strong></span> <span class='ocrx_word' id='word_1_713' title='bbox 1652 4839 1702 4907; x_wconf 85' lang='lat'><strong>¹⁴)</strong></span> <span class='ocrx_word' id='word_1_714' title='bbox 1746 4832 1809 4896; x_wconf 92' lang='lat' dir='ltr'><strong>llic</strong></span> <span class='ocrx_word' id='word_1_715' title='bbox 1831 4830 1941 4917; x_wconf 89' lang='lat' dir='ltr'><strong>palam</strong></span> <span class='ocrx_word' id='word_1_716' title='bbox 1962 4832 2084 4898; x_wconf 85' lang='lat' dir='ltr'><strong>latetur</strong></span> <span class='ocrx_word' id='word_1_717' title='bbox 2105 4850 2195 4911; x_wconf 86' lang='lat' dir='ltr'><strong>esse,</strong></span> 
     </span>
     <span class='ocr_line' id='line_1_52' title="bbox 182 4859 1162 5005; baseline -0.001 -19"><span class='ocrx_word' id='word_1_718' title='bbox 182 4859 432 4996; x_wconf 72' lang='lat' dir='ltr'><strong>lionauentcra,</strong></span> <span class='ocrx_word' id='word_1_719' title='bbox 455 4918 539 4984; x_wconf 82' lang='lat' dir='ltr'><strong>Cum</strong></span> <span class='ocrx_word' id='word_1_720' title='bbox 557 4920 728 5005; x_wconf 88' lang='lat' dir='ltr'><strong>quaeritur</strong></span> <span class='ocrx_word' id='word_1_721' title='bbox 748 4920 827 5004; x_wconf 91' lang='lat' dir='ltr'><strong>quid</strong></span> <span class='ocrx_word' id='word_1_722' title='bbox 850 4921 893 4984; x_wconf 88' lang='lat' dir='ltr'><strong>sit</strong></span> <span class='ocrx_word' id='word_1_723' title='bbox 910 4917 1075 5003; x_wconf 87' lang='lat' dir='ltr'><strong>originale</strong></span> <span class='ocrx_word' id='word_1_724' title='bbox 1087 4937 1162 5003; x_wconf 88' lang='lat' dir='ltr'><strong>pec·</strong></span> 
     </span>
     <span class='ocr_line' id='line_1_53' title="bbox 183 5004 1163 5090; baseline -0.005 -17"><span class='ocrx_word' id='word_1_725' title='bbox 183 5021 305 5086; x_wconf 88' lang='lat' dir='ltr'><strong>catum,</strong></span> <span class='ocrx_word' id='word_1_726' title='bbox 327 5016 421 5072; x_wconf 89' lang='lat' dir='ltr'><strong>recte</strong></span> <span class='ocrx_word' id='word_1_727' title='bbox 441 5005 677 5088; x_wconf 90' lang='lat' dir='ltr'><strong>respondetur,</strong></span> <span class='ocrx_word' id='word_1_728' title='bbox 704 5005 795 5090; x_wconf 89' lang='lat' dir='ltr'><strong>quod</strong></span> <span class='ocrx_word' id='word_1_729' title='bbox 817 5006 862 5069; x_wconf 88' lang='lat' dir='ltr'><strong>sit.</strong></span> <span class='ocrx_word' id='word_1_730' title='bbox 889 5004 1163 5090; x_wconf 80' lang='lat' dir='ltr'><strong>eoncupiscentia</strong></span> 
     </span>
     <span class='ocr_line' id='line_1_54' title="bbox 182 5089 1772 5177; baseline 0.001 -19"><span class='ocrx_word' id='word_1_731' title='bbox 182 5095 410 5160; x_wconf 87' lang='lat' dir='ltr'><strong>immoderata.</strong></span> <span class='ocrx_word' id='word_1_732' title='bbox 455 5089 561 5155; x_wconf 87' lang='lat' dir='ltr'><strong>Recte</strong></span> <span class='ocrx_word' id='word_1_733' title='bbox 594 5090 693 5155; x_wconf 89' lang='lat' dir='ltr'><strong>etiam</strong></span> <span class='ocrx_word' id='word_1_734' title='bbox 723 5091 964 5174; x_wconf 83' lang='lat' dir='ltr'><strong>respondetur,</strong></span> <span class='ocrx_word' id='word_1_735' title='bbox 998 5091 1088 5175; x_wconf 89' lang='lat' dir='ltr'><strong>quod</strong></span> <span class='ocrx_word' id='word_1_736' title='bbox 1120 5091 1164 5155; x_wconf 90' lang='lat' dir='ltr'><strong>sit</strong></span> <span class='ocrx_word' id='word_1_737' title='bbox 1217 5112 1263 5177; x_wconf 88' lang='lat'><strong>11)</strong></span> <span class='ocrx_word' id='word_1_738' title='bbox 1282 5107 1515 5175; x_wconf 67' lang='lat' dir='ltr'><strong>omnesquae.</strong></span> <span class='ocrx_word' id='word_1_739' title='bbox 1535 5109 1625 5158; x_wconf 71' lang='lat'><strong>2-4.2</strong></span> <span class='ocrx_word' id='word_1_740' title='bbox 1645 5113 1772 5160; x_wconf 68' lang='lat' dir='ltr'><strong>curense.</strong></span> 
     </span>
    </p>
   </div>
   <div class='ocr_carea' id='block_1_3' title="bbox 1218 5179 1911 5263">
    <p class='ocr_par' dir='ltr' id='par_1_3' title="bbox 1218 5179 1911 5263">
     <span class='ocr_line' id='line_1_55' title="bbox 1218 5179 1911 5263; baseline -0.003 -17"><span class='ocrx_word' id='word_1_741' title='bbox 1218 5197 1264 5263; x_wconf 78' lang='lat'><strong>12)</strong></span> <span class='ocrx_word' id='word_1_742' title='bbox 1283 5193 1487 5260; x_wconf 84' lang='lat' dir='ltr'><strong>meum,1tern.]</strong></span> <span class='ocrx_word' id='word_1_743' title='bbox 1506 5195 1586 5244; x_wconf 84' lang='lat' dir='ltr'><strong>Edttt.</strong></span> <span class='ocrx_word' id='word_1_744' title='bbox 1605 5197 1697 5246; x_wconf 72' lang='lat'><strong>2-4.:</strong></span> <span class='ocrx_word' id='word_1_745' title='bbox 1715 5210 1809 5248; x_wconf 86' lang='lat' dir='ltr'><strong>meum.</strong></span> <span class='ocrx_word' id='word_1_746' title='bbox 1837 5179 1911 5257; x_wconf 75' lang='lat' dir='ltr'><strong>Item,</strong></span> 
     </span>
    </p>
   </div>
   <div class='ocr_carea' id='block_1_4' title="bbox 185 5280 1997 5441">
    <p class='ocr_par' dir='ltr' id='par_1_4' title="bbox 185 5280 1997 5441">
     <span class='ocr_line' id='line_1_56' title="bbox 481 5280 1904 5348; baseline 0 -18"><span class='ocrx_word' id='word_1_747' title='bbox 481 5337 483 5341; x_wconf 18' lang='lat'>⁸</span> <span class='ocrx_word' id='word_1_748' title='bbox 1218 5283 1263 5348; x_wconf 78' lang='lat'><strong>23)</strong></span> <span class='ocrx_word' id='word_1_749' title='bbox 1282 5280 1405 5348; x_wconf 82' lang='lat' dir='ltr'><strong>Addidit]</strong></span> <span class='ocrx_word' id='word_1_750' title='bbox 1425 5282 1464 5332; x_wconf 83' lang='lat' dir='ltr'><strong>ric</strong></span> <span class='ocrx_word' id='word_1_751' title='bbox 1481 5281 1564 5331; x_wconf 80' lang='lat' dir='ltr'><strong>Editt.</strong></span> <span class='ocrx_word' id='word_1_752' title='bbox 1585 5281 1674 5343; x_wconf 80' lang='lat'><strong>1-³.;</strong></span> <span class='ocrx_word' id='word_1_753' title='bbox 1693 5281 1743 5331; x_wconf 85' lang='lat' dir='ltr'><strong>ild.</strong></span> <span class='ocrx_word' id='word_1_754' title='bbox 1761 5284 1802 5332; x_wconf 83' lang='lat'><strong>4.:</strong></span> <span class='ocrx_word' id='word_1_755' title='bbox 1820 5281 1904 5330; x_wconf 83' lang='lat' dir='ltr'><strong>Addit</strong></span> 
     </span>
     <span class='ocr_line' id='line_1_57' title="bbox 185 5363 1997 5441; baseline 0 -24"><span class='ocrx_word' id='word_1_756' title='bbox 185 5370 231 5436; x_wconf 80' lang='lat'><strong>10)</strong></span> <span class='ocrx_word' id='word_1_757' title='bbox 249 5365 357 5434; x_wconf 66' lang='lat' dir='ltr'><strong>inquis]</strong></span> <span class='ocrx_word' id='word_1_758' title='bbox 376 5364 428 5415; x_wconf 80' lang='lat' dir='ltr'><strong>sd</strong></span> <span class='ocrx_word' id='word_1_759' title='bbox 446 5364 487 5415; x_wconf 63' lang='lat' dir='ltr'><strong>dm</strong></span> <span class='ocrx_word' id='word_1_760' title='bbox 504 5365 598 5431; x_wconf 82' lang='lat' dir='ltr'><strong>iuquit,</strong></span> <span class='ocrx_word' id='word_1_761' title='bbox 802 5422 806 5431; x_wconf 45' lang='grc'><strong>,</strong></span> <span class='ocrx_word' id='word_1_762' title='bbox 843 5408 847 5429; x_wconf 71' lang='grc'>,</span> <span class='ocrx_word' id='word_1_763' title='bbox 938 5416 943 5427; x_wconf 70' lang='grc'><strong>,</strong></span> <span class='ocrx_word' id='word_1_764' title='bbox 984 5404 1016 5441; x_wconf 74' lang='lat'><strong>.&#39;</strong></span> <span class='ocrx_word' id='word_1_765' title='bbox 1078 5420 1081 5427; x_wconf 26' lang='lat'><strong>¹</strong></span> <span class='ocrx_word' id='word_1_766' title='bbox 1217 5364 1444 5433; x_wconf 58' lang='lat' dir='ltr'><strong>interpetatur]</strong></span> <span class='ocrx_word' id='word_1_767' title='bbox 1463 5363 1601 5418; x_wconf 78' lang='lat' dir='ltr'><strong>ticEdltt.</strong></span> <span class='ocrx_word' id='word_1_768' title='bbox 1621 5364 1836 5427; x_wconf 76' lang='lat' dir='ltr'><strong>1—t.;1td4.=</strong></span> <span class='ocrx_word' id='word_1_769' title='bbox 1855 5371 1997 5430; x_wconf 78' lang='lat' dir='ltr'><strong>reputetur.</strong></span> 
     </span>
    </p>
   </div>
   <div class='ocr_carea' id='block_1_5' title="bbox 0 0 2384 6194">
    <p class='ocr_par' dir='ltr' id='par_1_5' title="bbox 0 0 2384 6194">
     <span class='ocr_line' id='line_1_58' title="bbox 0 0 2384 6194; baseline 0 0"><span class='ocrx_word' id='word_1_770' title='bbox 0 0 2384 6194; x_wconf 95' lang='lat' dir='ltr'><strong> </strong></span> 
     </span>
    </p>
   </div>
  </div>
 </body>
</html>
