4756 6194
527 356 568 424 n
612 348 1189 425 meroem-mereseium
1210 316 1531 417 conuertisse
1574 346 1617 414 u.
1660 345 1853 416 Aurem.

2130 354 2203 424 ets

172 542 487 723 :tamtam
577 555 655 631 pter
680 564 776 612 sustu
796 539 1063 627 promissionem,
1083 558 1160 626 pro·
1210 539 1276 605 sio.
1323 538 1362 604 Si
1393 537 1496 625 igitur
1521 546 1655 623 prester
1687 533 1899 603 dilectionem
1925 553 1958 606 et
1986 562 2093 626 opere
2117 542 2198 612 elibl

562 649 642 698 esee
662 628 844 716 propicius,
864 622 946 692 velit
967 624 1159 704 iustificare,

1336 625 1402 691 nde
1424 636 1477 690 eet
1497 622 1701 703 luctificatio,
1721 633 1756 687 et
1774 628 2089 708 perconseientiee,
2111 649 2196 719 ergo

173 739 243 821 uon
260 730 404 822 propter
423 715 546 803 legem,
564 727 625 782 eut
645 736 750 802 opere
769 725 898 818 nosne.
937 711 975 776 in
997 709 1061 776 hec
1083 731 1160 797 pro·
1246 706 1349 816 lectio
1370 722 1408 816 et
1435 730 1542 796 opere
1561 729 1630 776 uon
1651 708 1862 815 imitemur„
1875 713 1938 777 etei
1958 725 2037 817 eunt
2057 715 2197 819 virtutes

174 800 911 964 1333333333333.3333333333333333
928 816 1162 968 33333333
1212 793 2200 966 3333Ἓ33ο333333333333333333,33

175 979 303 1045 dehent
323 994 362 1040 ee
382 983 593 1053 sustentare,
615 992 657 1040 oc
679 985 774 1040 certo
797 982 963 1048 statuere,
991 969 1081 1054 quod
1102 968 1162 1033 he·
1213 966 1280 1054 gis,
1301 969 1370 1034 Sed
1392 968 1479 1034 hsce
1500 967 1694 1054 imperfecte
1715 968 1845 1034 iusticie
1865 966 1954 1055 legis
1975 990 2043 1037 nou
2067 985 2120 1037 est
2141 990 2198 1039 ee·
2295 973 2299 978 ’

174 1061 407 1132 heentDeutn
430 1059 631 1144 propicium,
653 1053 1003 1144 promerentium,
1024 1065 1162 1139 propter
1213 1066 1310 1157 cepte
1333 1052 1420 1132 Deo,
1443 1053 1506 1119 nisi
1528 1065 1667 1158 propter
1685 1053 1792 1119 fidem.
1837 1054 1915 1119 idco
1937 1076 2006 1122 non
2027 1057 2197 1137 iustificet,

175 1145 580 1301 ’33333333ῧὲ
601 1143 866 1314 item
873 1152 1163 1311 3333333
1212 1137 1785 1311 333333333333333333333Θ
1809 1154 2067 1290 3338333
2088 1164 2197 1231 ”⁰‘¹”⁰

284 1589 350 1642 Sole
367 1588 448 1655 igitur
463 1587 529 1638 noes
552 1586 690 1650 latificet,
713 1594 741 1637 et
760 1586 834 1636 hone
854 1588 936 1650 opere
957 1591 1065 1650 propter
1085 1582 1164 1634 iidem

248 1661 360 1725 pluent
397 1657 468 1718 Quid
485 1663 578 1709 oenus
593 1657 663 1707 hene
685 1658 814 1707 retium
832 1655 976 1718 ednemerij
998 1661 1109 1720 possm
1125 1653 1164 1702 ei·

247 1728 337 1779 ierre?
374 1726 444 1787 Quid
461 1734 572 1792 possunt
595 1735 689 1776 contre
708 1726 873 1776 menifestum
896 1724 1032 1773 ueritetem
1057 1722 1164 1786 acopi-

249 1797 325 1847 tere?
358 1794 429 1846 Nem
446 1796 533 1845 minor
557 1801 596 1844 est
619 1795 775 1855 certissime,
798 1793 870 1857 quod
893 1806 974 1857 opere
995 1797 1087 1841 nostru
1109 1803 1164 1839 nou

248 1865 352 1930 possint
368 1865 556 1915 conscientium
578 1863 689 1912 reddere
707 1869 836 1927 puuctum,
853 1860 958 1926 quendo
975 1859 1048 1909 Deus
1066 1853 1165 1908 indicet

250 1934 463 1999 stupuimus,
482 1940 509 1981 et
525 1933 643 1981 ostendit
659 1931 734 1982 nobis
752 1929 946 1980 immunditiem
964 1935 1089 1978 nostrem.
1119 1927 1163 1977 Id-

249 2016 300 2069 qne
318 2001 455 2067 Scriptura
473 2015 550 2065 steps
567 2001 690 2061 inculcet,
708 2002 737 2049 in
753 2000 873 2060 Pseimo,
895 1997 958 2049 Noe
975 1998 1056 2048 intres
1078 1999 1108 2046 in
1124 1997 1163 2045 iu·

250 2072 348 2122 dieium
366 2085 424 2121 cum
441 2084 519 2119 struo
538 2076 598 2130 tuo,
616 2070 678 2133 quie
694 2083 748 2119 non
767 2067 950 2118 iustihcsbitur
972 2067 1001 2116 in
1023 2071 1164 2131 conspectu

249 2147 295 2189 tuo
327 2138 412 2189 omnis
438 2139 538 2188 uiuens.
583 2139 637 2189 Hic
663 2137 818 2201 simpliciter
844 2133 959 2184 detrehit
987 2134 1108 2184 omnihus
1135 2142 1163 2182 et

249 2207 356 2273 quidem
382 2206 487 2259 Seuctis
514 2221 545 2256 eo
571 2206 654 2256 seruis
677 2206 744 2268 Dei,
768 2205 880 2269 gloriere
903 2205 1035 2261 iusticiee.
1060 2204 1083 2252 si
1108 2216 1162 2252 non

248 2274 474 2340 ignoscamus,
496 2275 542 2324 sed
565 2275 664 2324 iudicet
687 2283 713 2323 et
737 2281 832 2338 urguet
853 2273 936 2323 corde
958 2286 1058 2323 eorum.
1093 2270 1162 2321 Nem

249 2344 322 2409 quod
339 2345 404 2395 tlibi
421 2345 552 2408 glorietur
570 2344 602 2393 de
619 2358 667 2392 sue
684 2345 807 2405 iusticie,
830 2343 945 2406 loquitur
967 2342 1001 2390 de
1018 2355 1099 2390 censs
1115 2353 1163 2388 sue

248 2414 373 2464 ednersus
392 2421 573 2476 persecutores
591 2413 665 2462 uerbi
672 2411 749 2473 -Dei,
767 2426 821 2460 non
838 2412 953 2474 loquitur
972 2411 1004 2459 de
1029 2409 1162 2474 personali

249 2482 381 2531 meudieie
400 2479 460 2546 [Ed.
479 2481 505 2531 4.
523 2486 576 2546 typ.
595 2497 662 2532 erm
679 2478 849 2545 mundiciee]‚
867 2487 894 2528 et
918 2487 996 2542 roget
1011 2492 1117 2528 cnussm
1135 2485 1162 2526 et

248 2550 362 2614 gloriere
380 2547 433 2599 Dei
450 2549 570 2609 delendi,
581 2549 626 2599 -Vt
643 2549 748 2600 Pseimo
767 2550 792 2599 7.
815 2549 907 2598 Iudice
927 2562 969 2596 me
986 2547 1100 2596 Domine
1121 2560 1161 2595 se·

175 2656 181 2667 .
247 2618 362 2670 auden
379 2619 509 2667 iusticiem
526 2632 612 2667 messe
627 2626 680 2667 etc.
699 2618 734 2667 ite
749 2618 823 2669 eiihi.
849 2617 941 2666 ludios
962 2616 1077 2667 Domine
1100 2629 1161 2664 ceu-

173 2708 176 2713 ·
248 2702 303 2738 sem
319 2700 414 2736 uem.
445 2685 542 2736 Rursus
559 2687 666 2739 Pseimo
684 2687 743 2739 129.
768 2688 848 2737 docet
864 2686 993 2736 neminem
1011 2698 1088 2750 posse
1106 2699 1161 2733 ses·

249 2757 334 2806 tinere
355 2755 480 2806 induem
502 2754 572 2818 Dei,
595 2757 619 2805 si
642 2757 765 2806 obstruet
787 2762 896 2820 peccste
918 2762 1017 2807 noem
1058 2753 1088 2805 Si
1111 2754 1163 2803 ini·

179 2834 183 2841 ’
248 2826 361 2889 quintu
378 2823 561 2874 obeuntis
578 2824 709 2886 Domine,
725 2825 840 2875 Domine
861 2825 918 2889 quis
939 2823 1092 2873 sustinebit?
1127 2822 1163 2872 Et

176 2932 181 2939 .
247 2892 307 2945 Iob.
327 2891 352 2944 9.
380 2892 497 2942 Vereher
523 2896 612 2944 omnis
638 2908 722 2959 opere
742 2908 808 2944 mee
844 2894 926 2954 Item,
948 2891 978 2944 Si
999 2893 1068 2943 lotus
1084 2891 1161 2941 luero

176 2990 181 3001 ·
247 2962 323 3028 quusi
346 2962 422 3026 equis
443 2961 525 3023 mnis,
548 2970 575 3011 et
596 2963 716 3012 fulserint
736 2964 811 3012 uelut
832 2963 1019 3012 mundissime
1043 2961 1104 3026 {Ed-
1122 2960 1162 3010 8.=

247 3028 431 3096 mundissime]
447 3044 541 3080 uuus
559 3044 647 3091 mese,
665 3039 752 3080 temen
770 3031 891 3081 sordibus
909 3031 1023 3094 intinget
1040 3044 1092 3080 me.
1127 3029 1163 3078 tit

175 3136 181 3145 .
247 3099 377 3151 meent.
395 3100 437 3148 ilii.
456 3098 520 3166 [ed
536 3099 577 3149 ite
594 3100 796 3149 Ptouerhiorum
814 3097 966 3163 vigesimo]
993 3097 1058 3158 Quis
1076 3104 1163 3162 potest

249 3168 347 3230 dicere,
364 3168 611 3218 mmet-estem
625 3163 732 3220 mutel
766 3166 803 3216 itt
821 3170 845 3218 1.
863 3167 956 3217 ichen.
973 3169 999 3217 l.
1035 3167 1065 3218 Si
1088 3167 1161 3216 dixe-

247 3238 329 3287 rimus
346 3236 417 3301 quod
434 3243 568 3302 perustum
584 3250 638 3286 non
656 3235 795 3299 hebemus,
812 3236 863 3300 ipsi
881 3250 931 3285 nos
953 3235 1117 3297 seducimus,
1135 3241 1162 3284 m

248 3307 345 3356 nerim
363 3305 487 3355 innubis
507 3312 635 3355 non'est.
668 3306 705 3354 Et
728 3306 755 3354 in
780 3306 901 3355 cretione
923 3304 1057 3354 domines
1078 3305 1162 3353 aneu

247 3381 340 3440 petunt
367 3375 550 3424 remissionem
575 3380 752 3439 pecestorum.
792 3374 898 3424 liehent
921 3374 1003 3436 ipim
1027 3379 1055 3422 et
1075 3373 1162 3423 suncti

247 3450 364 3510 potem
379 3442 433 3493 ···ln
449 3441 587 3504 Nemesis,
605 3443 642 3492 Et
664 3445 794 3494 innocens
815 3457 871 3493 non
894 3444 945 3492 erit
964 3442 1100 3493 innocens.
1125 3441 1162 3491 Bt

246 3511 386 3563 Zscheries
404 3512 449 3562 eit
475 3509 560 3563 Sileet
577 3527 594 3561 e
610 3511 678 3561 iecie
687 3511 796 3561 Domini
812 3513 897 3563 omnis
916 3524 987 3561 cero.
1011 3510 1160 3560 litlinies.

248 3580 340 3632 Omnis
359 3595 421 3631 cero
439 3580 557 3640 foenum,
576 3587 604 3628 et
620 3581 704 3630 omnis
728 3581 816 3643 glorie
833 3582 902 3640 eius,
925 3581 1000 3645 qussi
1023 3579 1072 3628 ilos
1094 3580 1160 3643 egri.

246 3649 402 3699 Eniccetum
419 3657 459 3698 est
475 3649 582 3698 foenum
600 3657 627 3697 et
643 3649 741 3698 cecidit
757 3646 818 3709 ilos,
836 3651 899 3713 quie
922 3648 1028 3713 spiritus
1051 3646 1161 3697 Domini

248 3717 399 3767 suidenitin
412 3731 452 3777 eo,
469 3717 501 3766 id
518 3725 567 3779 est,
583 3731 646 3767 csro
663 3725 692 3766 et
707 3718 812 3768 iusticie
828 3716 915 3766 neruis
933 3731 987 3766 non
1006 3724 1091 3782 potest
1105 3732 1161 3766 sus·

248 3785 466 3834 tinereiudicium
475 3784 537 3835 Dei.
564 3784 600 3834 itt
616 3784 694 3834 Iones
713 3786 798 3849 inquit
816 3785 880 3849 Cep.
894 3787 919 3834 2.
937 3784 999 3850 [ed.
1011 3785 1051 3835 a:
1068 3787 1161 3850 Cupite

248 3851 375 3918 mundo]
393 3851 501 3903 emes
524 3853 669 3904 obstruent
685 3867 771 3915 usne,
789 3854 832 3917 qni
855 3853 1064 3903 misericordium
1080 3855 1161 3903 relin-

246 3927 346 3986 quent,
368 3920 396 3970 id
422 3929 477 3983 est,
494 3920 587 3973 Omnis
608 3919 706 3972 ildueie
726 3927 767 3970 est
787 3921 889 3982 innuis,
913 3919 1162 3984 praemetiu-n

247 3988 456 4043 menicordtse.
480 3988 665 4043 Rieerioortiie
681 3996 767 4040 seruet
784 4003 844 4050 uos,
860 3989 968 4053 proprie
983 3987 1084 4049 merite,
1101 4003 1161 4054 pro·

177 4108 191 4121 ‚‚
239 4061 301 4125 prip'
314 4064 427 4113 ,metet
444 4072 497 4117 uon
514 4065 623 4111 serenet
638 4073 699 4109 οοο.
732 4059 791 4115 Hes
808 4058 953 4109 renunties
971 4066 998 4106 et
1019 4057 1116 4107 similes
1132 4058 1161 4108 iu

249 4129 384 4192 seripturis
402 4134 529 4176 testentur
547 4141 629 4191 opere
645 4136 736 4177 nostre
752 4128 886 4177 immunde
903 4139 974 4187 esse,
992 4131 1019 4174 et
1041 4125 1161 4189 indigere

248 4196 438 4247 misericordie.
465 4194 552 4256 Quere
570 4210 624 4246 non
641 4197 755 4246 reddunt
772 4203 878 4260 pecetes
887 4197 1161 4260 conscientiesopere,

248 4266 295 4316 sed
312 4264 496 4315 misericordie
512 4263 676 4329 epprehenss
693 4278 739 4330 per
756 4266 842 4314 iidem.
906 4266 909 4271 '

284 4382 393 4445 Querto.
427 4383 546 4435 Christus
563 4399 615 4434 uon
634 4384 730 4435 desinit
748 4384 876 4435 meditetur
894 4398 952 4434 esse
969 4390 1105 4450 postquem
1122 4397 1162 4432 re·

247 4455 339 4503 uoueti
355 4467 451 4504 sumus.
488 4453 586 4503 Errent
601 4455 647 4519 qui
662 4452 765 4518 ungunt
782 4467 841 4503 eum
857 4460 958 4503 tentum
974 4453 1084 4518 primum
1101 4464 1162 4515 gre·

249 4524 311 4572 tium
330 4524 448 4571 meritum
469 4535 534 4583 esse,
551 4536 601 4572 nos
619 4531 712 4588 postes
727 4530 821 4572 eoem
840 4522 908 4586 legis
931 4521 1084 4586 impletione
1106 4520 1161 4585 ple·

248 4604 310 4643 oers
326 4597 355 4647 et
368 4590 465 4641 mereri
487 4592 569 4641 mium
590 4599 733 4663 euterpem.
767 4591 859 4643 Meuet
879 4591 1009 4641 medistor
1031 4588 1162 4651 Christus,

249 4666 276 4709 ct
292 4672 394 4723 semper
411 4666 527 4709 stetuere
544 4659 676 4722 dehemus,
692 4660 765 4726 quod
787 4667 895 4725 propter
915 4661 1000 4723 ipsum
1022 4657 1162 4709 hheemm

248 4729 382 4795 plecstum
402 4726 501 4788 Deum.
525 4729 625 4783 etisnsi
647 4743 696 4779 nos
719 4730 823 4792 indigni
847 4730 940 4789 simus,
967 4726 1043 4778 Sient
1066 4725 1162 4777 Penius

248 4800 295 4848 eit
325 4794 377 4847 Per
393 4794 462 4846 hunc
479 4795 603 4847 hebemus
621 4811 753 4847 secessum
772 4799 806 4847 ed
824 4794 911 4847 Deum
928 4810 975 4861 per
991 4795 1079 4847 tidem.
1106 4794 1162 4845 No·

247 4873 304 4919 stre
320 4866 391 4915 enim
408 4865 526 4930 impletio
543 4864 619 4929 legis,
637 4874 667 4917 ut
683 4866 806 4927 diximus,
824 4873 863 4914 est
879 4864 1021 4927 immunde,
1038 4863 1101 4930 quie
1117 4878 1162 4913 us·

250 4943 310 4987 turs
326 4940 420 4985 nostre
437 4931 599 4985 horribiliter
617 4942 657 4985 est
674 4943 805 5001 corrupte„
839 4933 906 4984 Ideo
929 4934 1048 4986 Petimus
1068 4933 1163 4997 inquit,

248 5001 326 5056 Beeti
343 5016 453 5069 quorum
471 5003 595 5053 uniisse
620 5011 681 5054 suut
700 5005 862 5068 iniquitute.
898 4999 988 5065 Quare
1007 5002 1163 5053 remissione

269 5072 420 5125 e'ccetornm
438 5085 503 5136 opus
521 5071 657 5137 hebemus,
674 5072 752 5139 etiem
771 5087 828 5122 cum
846 5071 916 5122 bone
930 5084 1011 5137 opere
1027 5070 1162 5122 hebemus.

283 5157 300 5193 e
317 5148 406 5193 eutem
420 5140 541 5190 missio
559 5152 662 5207 semper
679 5136 881 5208 'apprehenditur
898 5138 963 5204 fide,
986 5138 1164 5191 Ite'chrietus

249 5217 340 5262 menet
360 5208 486 5260 Putileu
510 5215 540 5259 et
559 5211 698 5262 medietor.
739 5209 830 5262 Pleoet
857 5210 937 5274 igitur
959 5208 1008 5260 iile
1026 5208 1093 5273 legis
1116 5208 1165 5259 im·

251 5282 333 5347 pietio
353 5292 409 5331 non
430 5283 539 5343 propter
561 5292 604 5343 se,
625 5279 672 5329 sed
693 5279 756 5344 quie
776 5278 830 5330 dds
852 5277 1071 5345 epprehendimus
1087 5275 1164 5329 chri·

1284 1571 1368 1627 stum,
1386 1573 1413 1615 et
1429 1567 1554 1619 sentimus
1570 1581 1620 1619 nos
1636 1566 1734 1618 hebere
1749 1565 1835 1617 Deum
1852 1569 1997 1636 pisostum,
2018 1584 2072 1620 uon
2088 1579 2197 1637 propter

1283 1632 1383 1698 legem,
1401 1635 1448 1686 sed
1484 1646 1571 1701 repter
1588 1636 1732 1689 Christum.
1897 1688 1902 1697 ,

1317 1700 1427 1762 Quinto.
1465 1652 1497 1755 gi
1523 1706 1687 1755 sentiendum
1711 1713 1792 1766 esset,
1818 1705 1889 1770 quod
1915 1712 1976 1770 post
1998 1709 2197 1759 renonetionem

1283 1778 1404 1836 oportent
1421 1787 1470 1823 nos
1488 1781 1610 1839 receptos
1626 1774 1692 1836 lieri,
1710 1788 1764 1823 non
1781 1773 1834 1824 ide
1851 1784 1957 1839 propter
1979 1774 2126 1835 Christum,
2146 1776 2196 1827 ssd

1283 1846 1389 1904 propter
1413 1849 1530 1892 nostrum
1556 1844 1733 1908 impletionem
1755 1843 1837 1906 legis,
1865 1857 1998 1907 uunquem
2021 1847 2198 1910 acquiesceret

1285 1910 1457 1971 conscientie,
1482 1911 1529 1961 sed
1557 1913 1592 1961 sd
1614 1912 1825 1978 desperetionem
1848 1914 2008 1976 adigeretur.
2049 1913 2106 1964 Lex
2127 1916 2198 1965 enim

1284 1990 1385 2041 semper
1400 1986 1515 2042 eceusst,
1534 1994 1591 2030 cum
1608 1981 1662 2044 legi
1680 1994 1811 2045 nunquam
1835 1981 2035 2036 setieieciemus.
2070 1983 2102 2032 Id
2126 1984 2197 2048 quod

1283 2051 1340 2107 tote
1357 2046 1477 2097 Ecclesie
1493 2047 1640 2098 confltetur.
1675 2047 1770 2098 Penius
1789 2050 1870 2099 enim·
1884 2050 1934 2112 eit,
1951 2048 2015 2100 Non
2039 2052 2110 2116 quod
2132 2052 2195 2103 uolo

1265 2106 1382 2163 ‘honum
1399 2116 1451 2165 hoo
1467 2117 1545 2177 imin,
1563 2119 1609 2168 sed
1627 2117 1699 2182 quod
1716 2118 1792 2179 noio,
1810 2118 1915 2168 melum.
1942 2118 2016 2182 Item,
2034 2119 2124 2170 Mente
2142 2135 2196 2170 ser·

1283 2184 1328 2232 uio
1341 2185 1398 2247 legi
1414 2184 1476 2247 Dei,
1493 2185 1582 2239 cerne
1599 2195 1684 2236 eutem
1703 2188 1790 2237 seruio
1813 2188 1867 2250 legi
1891 2190 2001 2252 pcoetti.
2038 2187 2104 2249 Quis
2127 2191 2197 2239 enim

1283 2253 1346 2300 setis
1364 2253 1458 2316 diligit,
1475 2257 1603 2308 uetustis
1621 2256 1695 2304 timet
1709 2254 1809 2318 Deum,
1833 2258 1891 2322 quis
1909 2257 1973 2306 estis
1989 2259 2123 2324 patienter
2140 2273 2197 2309 sus·

1283 2321 1349 2369 tinet
1371 2320 1526 2372 tiilietionee
1543 2337 1560 2372 e
1581 2322 1640 2372 Deo
1662 2324 1810 2388 impositus,
1834 2325 1892 2389 quis
1917 2340 1971 2376 uon
1989 2341 2065 2392 seepe
2088 2327 2196 2390 dubitet,

1282 2387 1378 2438 Vtrum
1394 2390 1446 2440 Dei
1464 2391 1576 2441 consilio
1594 2399 1720 2455 regentur
1737 2407 1778 2442 res
1795 2393 1939 2455 humente,
1963 2397 2020 2460 quis
2044 2410 2096 2445 non
2119 2408 2197 2461 suepe

1282 2456 1395 2518 dubitet,
1413 2458 1506 2508 Vtrum
1524 2472 1540 2508 e
1558 2460 1617 2509 Deo
1636 2462 1801 2523 exaudietur,
1820 2464 1939 2528 quiem
1955 2478 2033 2528 seepe
2051 2463 2197 2515 stemeche·

1282 2533 1333 2588 tur,
1350 2527 1422 2591 quod
1439 2529 1512 2593 impij
1529 2528 1637 2579 iortune
1653 2530 1761 2581 meliore
1770 2539 1877 2580 utuntur
1889 2546 1966 2597 quem
1975 2534 2022 2597 pij,
2032 2533 2103 2596 quod
2116 2534 2153 2597 pij
2163 2533 2197 2584 uh

1282 2595 1371 2660 impiis
1381 2597 1571 2661 opprimuntur,
1579 2601 1636 2663 quis
1647 2612 1700 2647 nou
1710 2600 1831 2649 iracitur
1841 2601 1939 2651 iudicio
1949 2600 2011 2665 Ilei,
2024 2616 2084 2651 oum
2092 2603 2197 2653 uidetur

1280 2664 1333 2713 nos
1350 2664 1474 2728 ebijcere,
1492 2667 1550 2730 quis
1566 2666 1694 2717 satisfecit
1703 2669 1837 2718 uocetioni
1854 2683 1926 2732 enee,
1936 2672 1995 2737 quis
2004 2671 2091 2734 diligit
2106 2672 2196 2736 proxi·

1260 2750 1264 2757 ·
1282 2745 1353 2781 mum
1370 2734 1438 2781 sicut
1455 2734 1578 2798 seipsum,
1596 2736 1654 2799 quis
1671 2748 1725 2785 non
1742 2738 1858 2785 irritetur
1876 2740 2131 2803 sconeupIecentiei
2154 2738 2197 2789 lle

1282 2799 1324 2850 his
1340 2802 1454 2866 peccetis
1472 2803 1512 2852 eit
1527 2803 1653 2865 Petimus,
1670 2804 1724 2854 Pro
1743 2804 1794 2855 hoc
1815 2806 1904 2855 orshit
1920 2810 1954 2857 ed
1979 2815 2005 2858 te
2028 2808 2114 2857 omnis
2136 2819 2197 2857 sen·

1283 2876 1350 2919 ctus.
1384 2870 1438 2921 liic
1455 2878 1561 2923 senutos
1577 2873 1615 2921 eit
1631 2880 1721 2937 petere
1736 2875 1916 2927 remissionem
1932 2883 2107 2941 peoestorum.
2134 2874 2196 2927 Pius

1282 2952 1361 3004 quem
1377 2941 1451 2988 eoeci
1468 2948 1537 3002 sunt,
1554 2942 1599 3006 qni
1616 2942 1699 2992 melos
1717 2942 1824 2994 tilectus
1842 2944 1871 2993 iu
1888 2959 1981 3008 eune,
2004 2960 2058 2995 non
2080 2946 2198 2995 sentiunt

1284 3020 1340 3055 esse
1356 3014 1472 3071 peccatu,
1491 3009 1524 3058 de
1542 3010 1634 3073 quibus
1651 3008 1748 3060 Paulus
1767 3010 1840 3063 dicit.
1879 3013 1948 3063 Gero
1972 3015 2133 3077 concupiscit
2150 3010 2196 3064 ed·

1283 3087 1375 3126 uersus
1401 3078 1535 3141 spiritum,
1561 3077 1673 3143 Spiritus
1700 3080 1826 3133 ednersns
1854 3096 1965 3131 carnem.
2003 3083 2072 3133 cero
2100 3081 2197 3133 diihdit

1283 3142 1353 3204 Deo,
1371 3145 1480 3196 conlidit
1497 3147 1574 3195 rebus
1592 3149 1782 3211 prsesentibus,
1800 3151 1904 3215 queerit
1921 3150 2035 3201 humone
2051 3151 2151 3200 euxilie
2167 3153 2197 3202 in

1285 3212 1447 3275 summitate,
1465 3213 1544 3264 etiem
1567 3224 1660 3265 contre
1680 3217 1841 3267 uoluutetem
1863 3219 1927 3280 Dei,
1950 3220 2018 3283 fugit
2039 3219 2197 3270 eiflictioues
2299 3222 2302 3227 ’

1284 3293 1347 3343 ques
1365 3282 1442 3332 iuste
1456 3284 1609 3334 mundetum
1625 3285 1678 3336 Dei
1695 3287 1808 3337 tolerare
1826 3286 1952 3350 dehebst,
1975 3288 2076 3341 dubitet
2093 3289 2127 3338 de
2143 3288 2196 3338 Dei

1284 3349 1475 3401 misericordie.
1510 3349 1577 3403 tum
1592 3353 1689 3403 telihus
1713 3352 1850 3406 effectibus
1873 3357 1987 3407 luctetur
2008 3359 2114 3421 spiritus
2136 3370 2197 3406 sen·

1283 3425 1339 3468 ctus
1355 3421 1384 3471 in
1403 3419 1540 3500 sordibus¹
1560 3429 1590 3473 et
1607 3436 1655 3472 eos
1676 3426 1801 3488 reprimet
1823 3439 1855 3474 ee
1876 3426 2028 3487 moreliner,
2052 3432 2079 3474 et
2098 3425 2197 3474 inseret

1282 3489 2195 3625 titii’tsildttttsl‘qitdltttffitti

1282 3623 1403 3690 Requirit
1419 3627 1500 3690 igituir
1517 3626 1605 3688 iidem,
1624 3629 1702 3677 etiem
1718 3629 1748 3677 in
1765 3628 1840 3679 honis
1858 3629 1994 3693 operibns,
2012 3636 2042 3679 ut
2058 3630 2194 3681 credemus

1282 3709 1332 3744 noe
1348 3695 1407 3744 Deo
1424 3693 1530 3759 plecere
1546 3701 1653 3759 propter
1676 3694 1822 3757 Christum,
1845 3712 1894 3747 uec
1916 3712 1998 3764 opere
2017 3700 2074 3763 ipse
2096 3712 2144 3764 per
2166 3713 2194 3748 se

1284 3762 1365 3825 digne
1382 3776 1440 3811 esse
1456 3776 1522 3828 quse
1539 3763 1668 3828 plectent-
1704 3762 1741 3812 lit
1762 3764 1940 3831 Hieronymus
1963 3774 2055 3817 eunus
2072 3766 2193 3831 Poiegle-

1283 3844 1343 3882 nos.
1379 3829 1453 3880 Tunc
1472 3845 1536 3895 ergo
1554 3832 1614 3880 iusti
1632 3846 1733 3894 summ,
1755 3835 1861 3898 qusudo
1886 3850 1935 3887 nos
1952 3845 2104 3900 peecetores
2127 3837 2193 3887 iete-

1281 3913 1349 3950 mur.
1383 3898 1419 3951 itt
1435 3899 1539 3950 iusticie
1553 3907 1643 3950 nostre
1658 3914 1713 3952 uon
1730 3917 1764 3953 es
1781 3905 1888 3969 proprio
1903 3907 2012 3965 merito,
2029 3905 2076 3955 ted
2093 3918 2126 3955 es
2143 3905 2195 3955 Dei

1282 3968 1401 4018 oonsictit
1422 3969 1611 4019 mherioordie.
1647 3967 1760 4034 Oportet
1780 3973 1862 4035 igitur
1884 3973 1976 4025 edesse
1997 3973 2077 4024 eden
2099 3975 2127 4024 in
2149 3973 2195 4023 iile

1282 4036 1406 4086 inchosts
1423 4036 1490 4100 legis
1507 4039 1666 4102 impletione,
1684 4052 1750 4101 quse
1767 4048 1867 4092 stemet
1883 4057 1932 4092 nos
1946 4050 2052 4108 propter
2061 4043 2194 4094 Christum

1280 4103 1379 4154 hebere
1396 4104 1483 4156 Deum
1498 4107 1639 4172 pisostum.
1674 4107 1745 4159 Nem
1761 4111 1943 4163 misericordie
1964 4124 2018 4161 nou
2041 4118 2129 4175 potest
2148 4125 2194 4176 ep·

1282 4172 1411 4238 prehendi
1427 4175 1478 4225 niel
1494 4176 1555 4226 ilde.
1589 4176 1682 4245 Iteqne
1699 4192 1806 4242 prorsus
1829 4187 1869 4229 est
1890 4180 2011 4231 doctrine
2034 4180 2194 4244 desperatio·

1281 4244 1332 4301 nis,
1350 4240 1460 4305 docere,
1479 4245 1550 4308 quod
1567 4259 1622 4294 non
1638 4247 1720 4295 simus
1738 4248 1840 4313 eccepti
1854 4248 1908 4299 fide
1928 4255 2035 4315 propter
2052 4246 2194 4311 Christum,

1282 4311 1328 4360 sed
1344 4319 1450 4377 propter
1466 4315 1598 4377 proprium
1616 4315 1682 4378 legis
1699 4313 1885 4379 impletionem.

1315 4379 1358 4428 Ex
1376 4379 1418 4429 his
1437 4382 1556 4432 omnihus
1574 4384 1640 4433 setis
1657 4383 1779 4448 spperet,
1803 4385 1873 4448 quod
1897 4384 1956 4436 sols
1971 4378 2037 4435 ilde's
2060 4383 2194 4448 iustihost,

1279 4447 1310 4499 ld
1321 4456 1376 4510 est,
1392 4451 1503 4514 primum
1520 4452 1690 4516 consequitur
1706 4454 1888 4504 remissionem
1904 4461 2086 4519 pecostortmt,
2110 4460 2138 4502 et
2153 4464 2195 4503 re·

1283 4518 1496 4569 concilietiouem
1515 4527 1621 4585 propter
1638 4520 1780 4583 christum,
1797 4528 1824 4572 et
1840 4522 1912 4586 quod
1928 4525 1987 4574 sole
2003 4522 2069 4573 fides
2084 4535 2195 4586 regene-

1283 4593 1335 4638 ret.
1370 4586 1439 4639 hiem
1466 4587 1527 4638 sele
1551 4589 1605 4639 iide
1633 4591 1739 4655 spiritus
1768 4599 1874 4642 senstns
1903 4594 2056 4658 concipitur.
2090 4591 2194 4643 Deintb

1282 4655 1355 4721 quod
1372 4656 1417 4706 ille
1432 4656 1558 4708 iuchoete
1573 4658 1691 4723 impletio
1708 4660 1776 4724 lepis
1791 4675 1847 4711 non
1863 4659 1965 4725 plectet
1984 4674 2031 4726 per
2054 4675 2084 4711 se
2106 4675 2195 4710 eorem

1281 4724 1352 4775 Deo.
1395 4725 1461 4775 Cum
1488 4735 1575 4776 eutem
1600 4726 1686 4777 edhuo
1715 4729 1793 4790 siibi,
1820 4728 1944 4780 uidelicet
1968 4732 1997 4781 in
2023 4731 2195 4795 promissione
2267 4738 2270 4743 '

1283 4791 1392 4854 Christi,
1409 4797 1561 4860 queerende
1583 4796 1617 4846 sit
1639 4795 1797 4847 instillatio.
1832 4795 1948 4864 eumque
1971 4799 2029 4848 sule
2050 4797 2116 4848 hdes
2140 4797 2195 4847 eih-

1285 4861 1337 4911 cist
1352 4871 1472 4926 pessum
1490 4865 1690 4928 conscientium,
1707 4879 1812 4915 neeesse
1831 4874 1884 4929 est,
1909 4867 1980 4933 quod
1997 4867 2056 4918 sole
2071 4867 2137 4917 hdes
2154 4868 2194 4916 iu·

1284 4928 1387 4983 educet
1423 4931 1532 4999 Semper
1554 4933 1625 4982 enirn
1647 4935 1744 4984 rendre
1762 4934 1900 4998 dehemus,
1918 4936 1989 5005 quod
2011 4950 2066 4987 non
2087 4944 2194 5003 propter

1283 4999 1383 5064 legem,
1406 5001 1453 5051 sed
1469 5009 1578 5068 propter
1595 5000 1726 5053 Christum
1742 5003 1822 5054 simus
1840 5006 1950 5073 eccepti.
1984 5003 2047 5056 Non
2070 5004 2139 5055 euim
2156 5005 2195 5054 in·

1283 5068 1426 5120 mutemur
1443 5085 1477 5121 ex
1495 5072 1569 5136 lege,
1592 5072 1639 5122 sed
1662 5088 1695 5124 ex
1718 5074 1897 5138 promissione.
1934 5074 1969 5125 itt
1989 5074 2075 5124 honos
2096 5072 2195 5124 christi

1282 5150 1338 5189 nen
1355 5136 1437 5190 dehet
1451 5141 1481 5190 in
1498 5141 1584 5204 legem
1598 5142 1745 5194 trsmierri.
1780 5141 1816 5192 Et
1836 5158 1894 5194 eun
1909 5145 1985 5195 isius
2008 5143 2071 5193 iusti
2091 5147 2194 5207 repete·

1284 5220 1344 5258 nr
1359 5216 1468 5275 propter
1484 5209 1617 5261 christum
1633 5224 1692 5261 eum
1708 5213 1737 5261 in
1755 5225 1815 5261 eum
1833 5212 1979 5275 ,medimna
2000 5225 2053 5262 non
2076 5216 2116 5260 est
2135 5223 2194 5259 sen-

1285 5276 1415 5341 tiendum,
1441 5279 1514 5343 qnod
1537 5277 1642 5330 obiecto
1664 5280 1711 5330 iiio
1733 5280 1892 5343 medistore,
1917 5287 2009 5348 postes
2028 5279 2092 5329 insti
2113 5279 2193 5328 simus
