4756 6194
214 433 278 545 cer
567 434 605 502 o.
650 435 877 505 neormam
898 438 1219 509 conssssroms
1240 404 1560 510 accusasses
1603 440 1646 508 c.
1689 441 1879 512 muana.
1921 420 1930 431 “
2164 452 2233 519 aas

215 625 459 704 ordinationes,
481 635 514 690 et
534 626 731 692 donationes
754 625 942 708 l‘rinsipum
964 641 997 692 et
1018 625 1192 715 priuilegia
1242 640 1277 695 et
1298 649 1401 715 supra
1418 632 1660 697 damnauerunt
1680 631 1855 698 articulum
1873 633 1946 701 XV.
1970 637 2003 700 in
2022 658 2088 722 quo
2112 641 2229 743 posui·

214 735 283 780 uon
315 709 571 795 reprehendere.
615 711 684 776 Sed
715 712 838 777 vtinam
866 713 1014 778 vicissim
1040 714 1193 780 audirent
1242 736 1330 795 mus,
1350 717 1440 802 quod
1462 718 1659 783 traditiones
1682 737 1751 783 non
1779 732 1968 786 mereantur
1996 725 2226 792 remissionem

214 798 397 867 aduersari
434 795 592 884 querelas
623 794 849 862 Ecclesiamm
882 809 916 863 et
943 800 1069 882 pirrum
1102 819 1191 864 men·
1242 812 1475 884 peccatorum,
1507 816 1540 867 et
1572 802 1628 869 hic
1661 803 1776 869 dicunt
1808 807 2002 873 traditiones
2034 810 2227 878 conducere

213 882 381 1038 “amado
392 886 535 1035 enimtes
559 894 593 947 et
613 903 696 968 opes
722 902 804 948 suas
826 879 956 948 fortiter
982 896 1114 950 tuentur
1135 887 1192 951 ad·
1241 887 1285 953 ad
1312 890 1414 954 vitam
1444 900 1623 954 aeternam.
1672 888 1759 954 Num
1791 903 1960 956 merentur
1993 895 2225 963 remissionem

213 992 293 1040 uers
358 1015 368 1049 ,

213 992 445 1126 curautJrecte
468 1056 581 1120 doceri
609 1051 801 1134 Ecclesiae,
830 1067 862 1120 et
891 1068 1101 1121 sacramenta
1129 1059 1192 1123 rite
1242 1069 1400 1144 tanquam
1421 1059 1606 1125 iusticiam?
1632 1080 1711 1126 nmn
1732 1061 1901 1127 uiuificant
1929 1064 2054 1130 cords'l
2099 1065 2225 1133 Paulus

213 1143 360 1211 tractari.
405 1143 459 1206 nd
481 1141 713 1207 Sacerdotium
734 1140 911 1207 admittunt
930 1140 1097 1227 quoslibet
1118 1144 1192 1207 sine
1241 1144 1283 1209 ad
1313 1141 1560 1224 Colossenses,
1592 1147 1667 1210 ideo
1699 1160 1802 1234 negat
1832 1149 1996 1232 prodesse
2026 1152 2223 1219 traditiones

212 1230 417 1302 discrimine,
451 1226 574 1294 Postea
605 1227 777 1311 imponunt
809 1245 914 1292 onera
944 1224 1188 1307 intollerabilis,
1241 1231 1284 1294 ad
1306 1229 1469 1295 iusticiam
1491 1242 1661 1296 aeternam
1685 1242 1719 1296 at
1739 1234 1840 1297 vitam
1866 1245 2054 1314 aeternam,
2082 1240 2160 1323 quia
2181 1242 2225 1304 ci·

213 1318 310 1404 qussi
337 1313 545 1381 delectentur
572 1314 677 1378 exicio
706 1309 863 1391 aliorum,
892 1332 973 1378 suas
996 1315 1190 1381 traditiones
1241 1315 1316 1399 bus,
1339 1327 1452 1400 potus,
1472 1319 1626 1396 vestitus,
1650 1328 1685 1382 et
1705 1315 1824 1383 similia
1843 1321 1909 1384 sint
1928 1341 1983 1385 res
2003 1342 2066 1387 vsu
2084 1343 2224 1406 pereun-

211 1401 314 1490 longe
334 1401 526 1467 accuratius
548 1400 676 1465 seruari
703 1395 889 1482 postulant,
939 1421 1014 1466 uam
1039 1399 1189 1486 Euanqe
1240 1411 1302 1466 tes.
1344 1402 1390 1466 At
1411 1403 1479 1466 vita
1500 1414 1636 1468 aeterna
1658 1404 1691 1467 in
1714 1405 1827 1483 cordo,
1849 1407 1952 1471 rebus
1975 1409 2131 1489 aeternis,
2155 1408 2224 1476 hoc

212 1488 303 1557 lium.
347 1486 445 1551 Nunc
466 1487 500 1549 iu
529 1485 737 1572 grauissimis
764 1496 796 1549 et
824 1420 1027 1552 difficdtimts
1057 1498 1190 1550 coutro·
1241 1501 1310 1566 est,
1341 1488 1445 1552 verbo
1478 1485 1541 1552 Dei
1580 1498 1614 1553 et
1645 1489 1763 1573 spiritu
1796 1501 1915 1556 sancto
1948 1489 2102 1560 efficitur.
2159 1496 2226 1562 Ex·

212 1573 351 1661 uersijs,
374 1572 557 1674 dequibus
578 1568 721 1658 populus
742 1571 863 1636 misere
885 1571 1127 1657 cupitdoceri,
1154 1582 1192 1637 vt
1240 1573 1375 1658 pediant
1406 1574 1506 1658 igitur
1533 1574 1717 1658 aduersarij
1745 1577 1912 1663 quomodo
1942 1579 2131 1646 conducant
2158 1595 2224 1648 tra·

212 1661 335 1729 babeat
357 1657 484 1744 aliquid
506 1658 588 1763 certi
610 1658 700 1763 quod
723 1667 899 1761 seqeatur,
922 1677 989 1722 non
1012 1658 1190 1742 expediunt
1241 1659 1384 1723 ditiones
1405 1659 1449 1724 ad
1471 1660 1571 1724 vitam
1591 1672 1772 1727 aeternam.

211 1745 905 1912 tt‘tttttdii'ttt‘tizttt
925 1741 1191 1894 disicit:
1326 1743 2225 1915 istst?‘tepitffllst.⁰ltt.ttit¹3¹titi

211 1919 341 1986 nliestis
363 1919 497 1984 decreta
523 1917 687 2002 sangnine
714 1916 841 1999 scripta
869 1926 1073 2001 proponunt,
1102 1933 1190 2001 quae
1240 1928 1375 1981 reantur
1406 1916 1635 1985 remissionem
1668 1931 1900 2002 peccatorum,
1933 1932 1969 1985 vt
2002 1923 2070 1985 sint
2110 1920 2223 1990 cultus

211 2008 378 2073 minantur
397 2002 565 2069 horrenda
587 1998 749 2086 supplicia
771 1998 975 2079 hominibus,
1003 2001 1067 2066 nisi
1089 2000 1189 2065 msui·
1240 2021 1327 2087 quos
1349 2002 1512 2085 approbet
1533 2001 1628 2068 Deus
1650 2013 1808 2088 tanquam
1830 2005 2004 2084 iusticiam,
2027 2019 2061 2072 vt
2079 2021 2223 2093 grauem

212 2091 300 2158 feste
331 2102 449 2158 eontra
480 2089 637 2154 mandata
670 2085 734 2152 Dei
766 2081 901 2152 faciant.
946 2085 1009 2151 llic
1042 2087 1190 2153 vicissim
1240 2087 1485 2174 conscientias,
1518 2088 1563 2153 ita
1599 2101 1635 2152 vt
1668 2091 1822 2156 omittere
1856 2110 1915 2155 eas
1948 2092 2112 2160 iudicetur
2146 2115 2225 2160 esse

213 2179 394 2330 opertebat
428 2175 644 2325 voqssvidere
676 2170 866 2322 lecbrynqes
903 2174 1193 2324 mieerorum,h0t
1240 2184 1433 2324 pecqathue,
1450 2193 1518 2323 nure
1541 2194 1617 2326 aa?
1638 2186 1794 2323 peternnt
1815 2177 2000 2328 aduersteeij
2030 2181 2225 2331 qqtlendeee,

212 2279 567 2436 ititjttttntt
580 2278 1191 2428 tttttttt.?'t⁰..tttt⁰i¹.t3
1241 2278 1408 2410 itant.
1435 2280 1500 2343 ⁰⁰⁹
1600 2279 1663 2324 ⁰⁸¹¹
1700 2273 1903 2344 ΜΝ
1972 2284 2011 2329 ⁶⁸
2094 2276 2149 2332 *¹⁸
2171 2287 2220 2332 '¹¹'

214 2438 267 2504 cui
288 2432 468 2523 aliquando
495 2433 657 2498 rationem
686 2431 931 2515 procurationis
959 2443 1093 2496 vestrae
1121 2431 1192 2496 red·
1328 2428 1506 2496 Caeterum
1527 2451 1627 2518 quam
1648 2444 1846 2517 potestatem
1864 2434 1988 2499 tribuat
2003 2433 2223 2521 Euangelium

213 2525 312 2590 dituri
333 2523 424 2588 estis.
795 2592 800 2604 ι
1243 2515 1431 2602 Episcopis,
1453 2516 1594 2582 diximus
1616 2517 1651 2581 iu
1672 2515 1896 2585 confessione.
1942 2518 2006 2593 Qui
2034 2540 2123 2586 uunc
2145 2536 2225 2589 sunt

299 2607 383 2675 cum
415 2620 527 2672 autem
555 2624 618 2670 nos
645 2604 679 2668 ln
706 2600 937 2680 consessione,
966 2603 999 2667 in
1025 2600 1091 2669 hoc
1117 2602 1191 2666 arti·
1243 2602 1420 2688 Episcopi,
1451 2622 1520 2666 nun
1553 2597 1680 2668 iaciunt
1711 2602 1954 2691 Episcopomm
1987 2602 2099 2672 officia
2131 2608 2224 2675 iuxta

213 2692 303 2774 culo,
325 2694 439 2761 varios
461 2689 560 2756 iocos
583 2686 747 2774 complexi
766 2688 882 2767 simus,
904 2689 1088 2771 aduersarij
1111 2685 1192 2752 nihil
1243 2683 1474 2775 Euangalium
1496 2689 1558 2753 sed
1579 2689 1646 2754 siut
1667 2708 1749 2755 sane
1770 2690 1927 2777 Episcopi
1956 2693 2048 2757 iuxta
2075 2690 2224 2777 politiam

212 2781 427 2866 respondent,
449 2779 513 2844 nisi
531 2771 865 2862 Episcoposihabere
883 2783 1084 2858 potestatem
1106 2774 1192 2860 regi-
1243 2772 1459 2852 Canonicam,
1502 2794 1578 2839 uam
1599 2793 1667 2839 non
1690 2774 1973 2859 reprehendimus.
2008 2776 2133 2843 Vemm
2155 2800 2221 2846 uos

212 2870 310 2934 minis
337 2879 370 2932 et
399 2864 624 2931 cohercitiuae
653 2861 890 2938 correctionis,
920 2861 963 2925 ad
985 2859 1193 2947 dirigendum
1243 2859 1286 2926 de
1307 2794 1681 2947 Episcopohoquimnr,
1704 2861 1795 2928 iuxta
1816 2860 2044 2949 Euangelium.
2088 2862 2132 2928 Et
2151 2865 2221 2951 pla·

211 2952 365 3020 subditos
385 2953 420 3017 in
442 2950 543 3016 tinem
566 2946 777 3014 beatitudinis
798 2955 966 3012 aeternae.
1005 2944 1048 3010 Et
1068 2947 1113 3012 ad
1133 2965 1193 3031 po·
1243 2959 1297 3012 oet
1325 2947 1423 3012 uobis
1443 2957 1540 3010 vetus
1569 2947 1711 3032 particio
1706 2950 1934 3098 ,Jmsm'
1962 2952 1994 3014 in
2021 2958 2223 3036 potestatem

212 3049 368 3106 testatem
403 3059 440 3103 re
465 3037 590 3114 minis,
629 3032 753 3120 requiri
785 3041 984 3119 potestatem
1015 3031 1194 3111 iudicandi,
1244 3033 1370 3098 ordinis
1399 3042 1432 3097 et
1464 3041 1661 3114 potestatem
1690 3032 1704 3096 l
1756 3035 1938 3101 edictionis.
1983 3033 2093 3101 Habet
2121 3035 2223 3123 igitur

213 3124 408 3203 deliniendi,
464 3120 671 3197 ‘scemendi‚
704 3130 738 3184 et
768 3118 935 3184 statuendi
964 3137 1004 3183 ea
1031 3138 1117 3205 quae
1149 3117 1193 3183 ad
1243 3116 1432 3205 Episcopus
1454 3128 1655 3205 potestatem
1677 3118 1816 3200 ordinis,
1836 3120 1904 3188 hoc
1925 3131 1991 3200 est,
2006 3122 2222 3189 ministerium

174 3208 396 3298 ‘praefatum
427 3208 527 3274 tinem
560 3206 738 3291 expediunt
764 3216 822 3269 aut
850 3204 1051 3270 conducunt.
1100 3203 1193 3270 llaec
1244 3205 1338 3269 verbi
1360 3213 1395 3268 et
1420 3216 1722 3287 sacramentomm,
1748 3203 1852 3273 babet
1880 3219 1914 3275 et
1941 3217 2143 3293 potestatem
2169 3208 2221 3274 lu·

212 3308 290 3362 sunt
314 3297 420 3361 verba
442 3291 689 3370 confutationis,
711 3291 746 3356 in
767 3290 889 3376 quibus
906 3290 1029 3355 docent
1047 3310 1114 3361 uos
1135 3290 1193 3355 ad·
1243 3290 1465 3369 risdiotiouis,
1486 3289 1553 3356 boc
1575 3302 1645 3368 est,
1675 3293 1885 3359 autoritatem
1914 3294 2224 3361 excommunicandi

211 3381 372 3534 iiiiii
398 3376 1194 3533 ‘¹:¹⁰tdtti.it¹'t:ttt⁰ittmtit:
1244 3373 1578 3529 isitii&
1599 3377 2222 3533 “Effldbidiffi‘miiiffi

211 3489 298 3620 nalrb.
341 3488 483 3618 quehoo
504 3547 645 3619 articulo
667 3482 899 3616 contigan-eta
920 3559 983 3614 est.
1242 3507 1368 3614 habbut
1388 3481 1836 3635 potestatompetyraunicam,
1857 3488 2013 3630 noemae,
2030 3486 2106 3617 :ilde
2127 3487 2222 3618 cedd

298 3639 439 3727 Oportet
464 3648 575 3704 autem
600 3638 633 3702 in
662 3633 817 3701 Ecclesia
845 3635 989 3700 retinere
1017 3632 1105 3699 banc
1133 3634 1191 3700 do·
1243 3632 1256 3699 i
1301 3654 1338 3714 a,
1364 3653 1474 3720 neque
1498 3635 1642 3722 regiam,
1673 3634 1740 3699 hoe
1765 3645 1837 3714 est,
1869 3655 1971 3722 supra
1997 3633 2031 3701 le
2115 3681 2127 3716 ,
2158 3639 2222 3704 ssd

212 3726 363 3805 ctrinam,
385 3725 476 3811 quod
493 3724 597 3810 gratis
619 3735 758 3810 propter
775 3717 942 3787 Christum
964 3719 1030 3785 lide
1046 3720 1191 3806 accipia-
1243 3654 1368 3785 thirem
1400 3731 1527 3786 certum
1558 3720 1766 3797 mandatum,
1806 3732 1934 3788 certum
1973 3742 2032 3787 ver
2055 3742 2110 3787 um
2141 3719 2220 3803 Dei,

211 3831 287 3878 mus
319 3811 550 3877 remissionem
582 3820 806 3894 peccatorum.
862 3805 1004 3891 Oportet
1036 3817 1070 3872 et
1101 3804 1190 3871 banc
1241 3806 1332 3892 quod
1355 3806 1488 3883 docere,
1505 3805 1596 3870 iustu
1617 3805 1706 3889 quod
1728 3825 1889 3872 exercere
1906 3827 2001 3874 suam
2018 3808 2221 3875 iurisdictio·

211 3896 397 3965 doctrinam
419 3896 565 3973 retineri,
586 3894 677 3981 quod
703 3893 869 3957 humanae
886 3891 1100 3968 traditiones,
1123 3897 1191 3957 siut
1241 3910 1317 3957 nem
1340 3891 1471 3956 debent.
1515 3889 1628 3963 Quare
1650 3910 1717 3956 uon
1739 3892 1902 3978 sequitur,
1923 3894 2053 3960 etiamsi
2072 3893 2221 3961 babeant

211 3980 344 4050 inutiles
367 3980 497 4060 cultus,
524 3999 628 4065 quare
652 3999 716 4044 nec
745 3988 936 4061 peccatum,
966 3996 1032 4042 nec
1058 3978 1190 4043 iusticia
1240 3975 1384 4062 aliquam
1416 3975 1695 4055 iurisdictionem,
1728 3979 1818 4064 quod
1847 3980 1978 4064 possint
2006 3998 2116 4047 nouos
2149 3979 2219 4046 cul·

210 4070 245 4135 in
267 4069 353 4150 cibo,
376 4079 466 4154 putu,
489 4067 622 4144 vestitu,
645 4075 678 4129 et
689 4060 851 4130 similibus
867 4064 970 4128 rebus
992 4059 1191 4129 collocanda
1241 4076 1295 4129 tus
1327 4063 1509 4128 instituere.
1554 4062 1640 4128 Nam
1672 4061 1783 4129 cultus
1804 4063 1886 4130 nihil
1907 4067 2071 4150 pertinent
2097 4067 2141 4132 ad
2168 4067 2219 4132 lu·

127 4250 154 4273 -
211 4149 683 4313 itlitfflttttttii
697 4146 1190 4322 intelicissimi
1240 4144 1724 4320 {distulisti
1744 4151 2219 4314 iniustitiam

211 4345 299 4392 nem.
343 4324 387 4390 Et
409 4322 547 4403 Paulus,
569 4323 721 4412 Regnum
742 4318 827 4401 liei,
848 4341 917 4385 nou
939 4331 992 4387 est
1014 4339 1108 4399 esca,
1131 4331 1190 4386 aut
1241 4280 1380 4398 scilibet,
1402 4320 1439 4386 Si
1461 4320 1536 4408 quis
1558 4323 1762 4387 commiserit
1783 4323 1947 4390 aduersus
1967 4320 2050 4389 illud
2068 4324 2218 4401 verbum,

234 4424 322 4479 otus.
372 4410 419 4476 lta
443 4430 486 4477 ue
517 4407 643 4476 nulium
679 4408 804 4474 habent
834 4408 887 4473 ius
918 4405 1076 4492 Episcopi
1111 4426 1189 4472 con·
1239 4406 1328 4493 qnod
1352 4417 1554 4490 acceperunt
1575 4426 1596 4471 e
1618 4404 1764 4474 Christo.

210 4432 311 4564 doadi
334 4498 527 4563 traditiones
554 4506 649 4562 extra
674 4491 912 4581 Euangelium,
941 4506 977 4559 vt
1002 4502 1190 4559 mereantur
1326 4491 1423 4566 Quau
1448 4513 1523 4558 uam
1545 4511 1608 4557 nos
1631 4492 1891 4560 inconfessione
1910 4495 2098 4560 addidimus
2118 4495 2219 4561 etiam

211 4585 443 4650 remissionem
464 4594 696 4668 peccatorum,
718 4592 754 4647 vt
774 4579 842 4644 siut
863 4578 995 4659 cultus,
1017 4599 1103 4666 quos
1132 4600 1189 4664 sp·
1240 4588 1404 4664 quatenus
1424 4513 1533 4646 boeot
1561 4579 1612 4644 eis
1638 4581 1784 4646 condere
1813 4581 2026 4661 traditiones,
2052 4579 2219 4662 videlicet,

209 4672 332 4756 probet
363 4666 459 4736 Deus
497 4679 654 4755 tanquam
683 4666 863 4744 iusticiam,
896 4676 930 4730 et
957 4665 1012 4751 qui
1047 4676 1189 4751 graueut
1240 4685 1308 4729 non
1329 4676 1487 4749 tauquam
1513 4665 1728 4731 necessarios
1757 4664 1885 4745 cultus,
1912 4668 1973 4732 sed
2001 4678 2036 4731 vt
2061 4669 2106 4732 sit
2131 4669 2218 4735 ordo

211 4756 455 4835 conscientias,
486 4757 533 4820 ita
566 4766 600 4819 vt
656 4763 806 4819 secatum
839 4753 883 4816 sit
924 4770 985 4816 eos
1025 4752 1188 4816 omittere.
1239 4752 1273 4817 iu
1305 4747 1459 4816 Ecclesia
1489 4761 1625 4836 propter
1656 4749 1938 4839 tranquillitatem.
1982 4751 2025 4816 Et
2051 4750 2116 4818 hae
2147 4773 2217 4819 non

211 4845 305 4911 Haec
326 4841 437 4907 omnia
465 4841 564 4905 docet
592 4774 654 4904 ves
673 4859 760 4905 unus
786 4837 901 4903 Locus
927 4838 960 4902 in
988 4837 1101 4916 Actis,
1132 4837 1189 4902 vbi
1240 4837 1362 4902 debent
1384 4835 1526 4923 laqueos
1547 4838 1683 4920 iuijcere
1705 4837 1930 4923 conscientijs,
1949 4850 2005 4904 tan
2029 4858 2105 4904 uam
2123 4860 2218 4926 prae-

211 4925 365 5014 Apostoli
388 4927 508 4993 dicunt.
554 4925 635 4993 Fide
655 4924 821 5011 puriiicari
848 4922 962 4990 corda.
1006 4921 1049 4988 Et
1069 4923 1190 4989 deinde
1241 4922 1362 5007 cipiunt
1383 4921 1594 4988 necessarios
1616 4922 1740 5003 cultus,
1760 4924 1847 4990 sicut
1864 4923 1990 4991 Paulus
2006 4859 2218 5005 domatum

167 5060 186 5081 ,
210 5013 391 5100 prohibent
411 5015 581 5097 imponere
602 5013 734 5100 iugum,
763 5022 797 5075 et
826 5010 1005 5075 ostendunt
1030 5020 1189 5095 quantum
1240 5008 1296 5072 ait.
1340 5008 1378 5072 ln
1397 5005 1562 5087 libertate,
1584 5029 1651 5094 qus
1672 5007 1826 5075 Christus
1848 5026 1911 5075 vos
1931 5008 2096 5090 liberauit,
2116 5022 2217 5090 state,

211 5097 350 5187 periculi
373 5100 428 5178 sit,
450 5108 657 5186 exaggerant
680 5108 854 5182 peccatum
876 5098 1015 5161 istorum
1036 5096 1092 5180 qui
1110 5113 1186 5158 one·
1240 5112 1304 5158 nec
1336 5095 1455 5159 iterum
1489 5095 1567 5180 iugo
1601 5096 1771 5161 seruitutis
1800 5097 2030 5179 subijclamini.
2076 5094 2217 5162 Oortet

210 5198 286 5251 rant
317 5182 515 5250 Ecclesiam.
571 5183 659 5258 Quid
691 5185 826 5248 tentatis
858 5178 984 5260 Deum,
1016 5178 1191 5266 inquiunt?
1239 5180 1341 5266 igitur
1362 5177 1500 5244 liberum
1529 5200 1624 5246 vsum
1655 5177 1768 5247 talium
1795 5183 2037 5248 ordinationum
2065 5117 2217 5268 reiinqui,

211 5271 286 5338 lloo
307 5268 443 5337 fulmine
471 5268 553 5336 nihil
579 5282 745 5337 terrentur
773 5267 958 5353 aduersarij
986 5267 1109 5345 nostri,
1133 5265 1189 5352 qui
1240 5266 1340 5331 modo
1362 5277 1399 5330 vt
1420 5263 1580 5331 scandala
1600 5267 1756 5347 vitentur,
1778 5288 1820 5332 ne
1841 5268 2026 5335 iudicentur
2046 5286 2126 5332 esse
2145 5263 2215 5332 cul-

210 5358 244 5424 vl
267 5356 447 5425 defenduut
467 5356 659 5424 traditiones
682 5367 715 5420 et
735 5353 852 5440 impias
874 5352 1059 5437 opiniones.
1106 5350 1189 5418 Nam
1241 5363 1296 5418 tus
1307 5352 1503 5436 necessarij,
1513 5353 1598 5417 sicut
1610 5349 1791 5438 plaemqne
1802 5353 2040 5451 ordiuaueruut
2054 5353 2117 5437 ipsi
2128 5351 2216 5439 Apo

325 5548 329 5553 ,
416 5492 565 5535 rsuram.
579 5491 661 5534 orrs.
675 5491 739 5533 ros.
752 5490 843 5532 aruir.
1976 5475 2008 5525 ιι

407 970 524 1035 nterim
546 980 669 1033 statum
682 966 907 1034 Ecclesiarum
924 969 1111 1057 negligunt,
1124 991 1192 1036 non
1240 973 1476 1058 peccatorum?
1498 995 1576 1039 num
1599 986 1678 1040 suut
1700 973 1810 1040 cuitus
1829 997 1915 1062 quos
1933 981 2099 1064 approbat
2117 978 2226 1062 vem,
2369 1042 2374 1053 .
