4756 6194
307 370 353 439 43
519 449 528 471 Ι,
751 368 864 436 l’HlL.
885 366 992 437 Mul..
1010 366 1201 436 SCRIPTA
1221 365 1493 433 DOGblA'llCA
1513 364 1572 433 ET
1595 364 1862 435 SYMBOLlGA.
2282 368 2329 435 tt

306 566 394 639 garet
414 564 506 639 atque
527 558 681 621 inventum
704 559 765 621 sibi
788 558 966 620 mittendum
984 567 1111 620 curaret.
1156 556 1188 619 ls
1208 558 1353 640 precibus
1371 557 1421 618 his
1443 556 1593 619 benevole
1617 556 1797 637 indulgens,
1827 557 1902 629 boc,
1924 564 2086 638 postquam
2109 560 2139 620 iu
2167 558 2327 623 tabulario

306 643 406 706 Ducis
427 645 645 706 Wimariensis
667 645 779 706 trustra
801 646 1010 724 quaesiverat,
1032 645 1153 706 tandem
1176 645 1206 705 in
1229 645 1350 707 scriniis
1368 645 1399 704 b.
1417 642 1546 704 Weberi
1568 644 1691 715 invenit,
1714 642 1868 722 huiusque
1889 644 2010 704 uiduam
2033 643 2093 704 tide
2114 664 2173 706 sua
2189 646 2327 728 interpo-

307 731 369 793 sita
392 733 563 799 commovit,
586 738 620 792 ut
642 732 788 811 integnrm
816 731 1035 811 apographum,
1061 731 1144 810 quod
1166 751 1224 790 noa
1255 729 1489 791 confutationem
1518 730 1719 809 germanicam
1749 728 1865 800 solum,
1889 730 1948 790 sed
1980 729 2162 791 fasciculum
2196 751 2326 813 quoque

307 817 455 878 Actorum
488 815 676 897 publicorum
710 816 749 876 ad
781 816 908 878 eandem
942 818 1143 897 spectantium
1176 824 1208 878 et
1231 818 1261 876 in
1295 814 1436 877 comitiis
1460 817 1697 896 conscriptorum
1723 814 1912 887 continebat,
1941 815 2090 877 benevole
2122 816 2326 880 Muellero

305 904 523 965 transmitteret
533 905 577 979 ⁴).

462 1004 521 1066 llic
538 1006 583 1063 vir
604 1004 713 1066 dactus
735 1002 940 1085 apographum
959 1001 1184 1068 Confutatiouis
1202 1004 1392 1084 germanicae
1414 968 1566 1064 accurate.
1577 1008 1784 1084 perscrutans,
1808 1001 1958 1065 intellexit
1982 1003 2026 1081 (id
2050 1005 2132 1083 quod
2161 1004 2326 1067 Weberus

308 1089 362 1151 illo
373 1089 443 1152 lcco
462 1096 500 1152 41
514 1110 561 1170 sq.
574 1096 645 1152 uota
656 1090 729 1167 m)
745 1091 898 1171 adscripto
910 1090 1041 1151 nondum
1063 1097 1146 1151 certo
1170 1090 1370 1167 definiverat),
1394 1088 1452 1149 hoc
1474 1089 1678 1169 apographum
1700 1109 1758 1149 non
1777 1109 1816 1149 ex
1838 1090 1907 1169 ipso
1929 1090 2114 1170 autographo
2133 1090 2162 1150 d.
2186 1094 2217 1151 3.
2238 1092 2325 1173 Aug.

225 1232 230 1237 .
307 1175 432 1258 publice
451 1176 604 1259 praelecto
627 1196 703 1237 csse
725 1175 921 1257 descriptum,
940 1176 997 1237 sed
1020 1196 1059 1236 ex
1080 1174 1254 1255 apographo
1277 1176 1307 1236 in
1329 1176 1419 1236 Actis
1431 1172 1629 1240 comitiorum
1645 1176 1892 1254 Augustanorum
1905 1182 2057 1247 contento,
2070 1175 2324 1239 basobcausasa

519 1303 546 1358 1.
564 1293 801 1377 Autograpluua
822 1293 995 1376 Imperatori
1017 1316 1036 1357 a
1057 1294 1212 1375 theologia
1235 1296 1365 1357 seorsim
1388 1295 1530 1356 traditum
1552 1302 1584 1355 et
1606 1296 1636 1355 in
1651 1301 1735 1357 tanto
1756 1301 1906 1356 tantorum
1923 1296 2053 1356 vironun
2066 1314 2220 1356 consessu
2234 1316 2326 1376 prae·

557 1380 682 1453 lectum,
705 1402 724 1441 a
746 1381 873 1461 reliquis
894 1384 983 1443 Actis
1006 1379 1205 1443 Comitiorum
1235 1387 1409 1461 separatum
1431 1381 1531 1442 luisse
1561 1388 1654 1460 atque
1677 1380 1840 1460 pecudiare
1862 1379 2000 1441 uolumen
2022 1380 2200 1461 explevisse
2228 1402 2323 1443 nemo

558 1473 662 1548 neget3
685 1488 787 1528 verum
810 1464 1036 1530 confutationis
1058 1468 1249 1547 germanicae
1271 1465 1408 1537 formula,
1430 1487 1520 1547 quam
1540 1465 1734 1528 Weberus
1758 1468 1893 1546 accepit,
1916 1467 2045 1547 reliquis
2067 1468 2169 1539 Actis,
2188 1487 2271 1547 quae
2291 1468 2323 1529 in

551 1550 699 1635 'comitiis
723 1554 898 1633 conscripta
918 1562 1001 1625 sunt,
1024 1560 1075 1615 est
1093 1552 1187 1624 illota,
1210 1559 1244 1613 ut
1265 1552 1375 1613 iisdem
1397 1552 1475 1613 adeo
1497 1553 1618 1632 paginis
1640 1552 1817 1614 includatur.

515 1666 544 1727 2.
566 1663 803 1743 Autoprcpleam
835 1667 988 1744 integram
1023 1664 1275 1743 Gorrfiatotionem
1308 1665 1461 1724 continere
1493 1684 1582 1724 nemo
1608 1670 1673 1734 est,
1703 1665 1753 1743 qni
1777 1662 1910 1735 dubitet;
1938 1671 1970 1724 at
1997 1661 2124 1724 iormula
2151 1663 2322 1726 Webero

555 1752 737 1811 transmissa
754 1752 918 1831 interrupta
939 1758 990 1812 est
1010 1749 1138 1830 longiori
1159 1752 1279 1821 lacuna,
1298 1768 1365 1810 nam
1389 1750 1500 1810 desunt
1518 1751 1546 1808 ei
1569 1748 1685 1811 articuli
1697 1750 1758 1810 duo
1770 1751 1893 1829 integri:
1912 1749 1952 1809 alc
1963 1751 2160 1832 confessicae
2172 1754 2205 1811 et
2216 1749 2258 1809 de
2269 1748 2322 1811 tle·

557 1834 639 1896 lectu
656 1834 792 1896 ciborum
810 1857 878 1897 cum
901 1842 1034 1897 extrema
1056 1836 1201 1917 particula
1222 1834 1340 1897 articuli
1359 1835 1401 1895 ate
1418 1838 1527 1904 naara,
1551 1855 1630 1915 qnae
1661 1855 1733 1895 vcro
1761 1834 1850 1896 labes
1874 1833 2011 1895 inhaeret
2033 1836 2111 1915 ipsis
2138 1835 2228 1897 Actis
2253 1834 2322 1897 Mo·

556 1922 703 2001 guntiuis,
726 1923 828 2001 iisque
850 1924 909 1984 iam
931 1922 1003 1984 olim
1033 1923 1147 1983 incuria
1174 1924 1258 1992 eius,
1287 1922 1338 2001 qui
1369 1920 1527 1981 formulam
1553 1922 1763 2001 transscripsit
1789 1920 2011 1994 authenticam,
2039 1929 2090 1981 cst
2117 1919 2221 1991 allita,
2250 1941 2320 1982 uam

555 2008 683 2087 paginae
706 2007 837 2088 exempli
860 2009 1029 2070 Webero
1051 2008 1225 2071 transmissi
1243 2010 1272 2067 iu
1295 2008 1430 2086 margine
1458 2008 1572 2086 ubique
1596 2007 1718 2069 additae
1745 2012 1839 2087 atque
1868 2006 1946 2067 adeo
1972 2008 2030 2081 ihi,
2052 2007 2105 2068 ubi
2133 2006 2244 2068 lacuna
2271 2028 2321 2089 ap

553 2099 649 2175 paret,
672 2092 732 2153 sibi
751 2100 900 2156 constant.

304 2310 325 2372 h
421 2320 433 2375 t
452 2226 517 2376 rltliia
539 2228 661 2292 (luobus
682 2230 879 2309 argumentis,
902 2250 982 2311 quae
1004 2229 1227 2299 Muellerus
1247 2226 1268 2289 l.
1292 2226 1311 2292 l.
1334 2225 1475 2308 Prolegg.
1497 2249 1527 2309 p.
1552 2227 1642 2291 bxv
1664 2247 1714 2309 sq.
1737 2229 1906 2308 proposuit,
1925 2228 2005 2289 idern
2027 2248 2057 2308 p.
2071 2223 2184 2289 vat.
2203 2226 2322 2290 addirlit

327 2332 403 2373 occe
434 2333 452 2374 e
491 2335 559 2376 um:
2327 2344 2330 2355 ·

514 2432 751 2514 „Apographum
773 2437 841 2494 eius
865 2435 945 2511 [scil.
969 2432 1114 2495 lcrrnulae
1137 2430 1241 2512 Confi]
1266 2431 1431 2493 Webero
1455 2435 1672 2494 transmissum
1695 2454 1753 2493 nou
1773 2434 1829 2496 fuit
1847 2432 1983 2494 tabularii
2000 2430 2121 2513 lmperii
2134 2430 2319 2504 Germanici,

555 2519 585 2579 in
608 2540 670 2600 quo
692 2520 910 2599 autographum
932 2520 1002 2580 sinc
1022 2519 1117 2579 dubio
1136 2520 1303 2598 repositum
1325 2525 1385 2589 est,
1409 2526 1443 2580 ut
1463 2518 1656 2579 Weberus
1680 2520 1749 2599 ipse
1771 2526 1803 2580 et
1824 2519 1876 2580 alii
1895 2522 1966 2580 eius
1989 2518 2048 2578 lide
2060 2518 2181 2598 decepti
2205 2525 2321 2580 temere

555 2603 757 2675 crediderunt,
779 2606 838 2666 secl
855 2604 1008 2667 Electoris
1029 2604 1211 2684 Moguntini,
1232 2611 1267 2665 ut
1288 2623 1327 2664 ex
1349 2605 1398 2674 iis,
1422 2625 1501 2685 quae
1523 2606 1563 2665 ad
1592 2612 1756 2666 extremum
1784 2613 1858 2667 suut
1885 2605 2043 2688 subiecta,
2071 2602 2242 2665 luculenter
2271 2624 2322 2685 ap·
2369 2624 2373 2631 ·

553 2699 648 2769 paret.
690 2689 796 2752 Verba
818 2699 919 2752 autem
936 2691 982 2752 sic
1004 2710 1041 2752 se
1058 2690 1186 2754 habeut:
1205 2691 1270 2767 ilai
1289 2692 1458 2769 uctttebenbe
1477 2692 1644 2769 tltittrtttten
1663 2706 1717 2755 teo
1735 2696 1793 2756 bem
1823 2696 1852 2755 in
1877 2696 1936 2755 bem
1960 2691 2191 2771 bqutiittticteu
2218 2692 2319 2769 iltuit

553 2796 586 2859 qu
605 2779 704 2859 illatrq
725 2779 916 2855 tuebantenea
934 2781 1079 2841 tittuubea
1098 2796 1255 2855 genommen
1278 2786 1388 2840 metten
1407 2780 1494 2854 anna

458 2914 512 2984 At,
530 2916 669 2993 quamvis
691 2934 752 2976 non
774 2934 934 2993 negemus,
955 2911 1090 2975 Electori
1112 2912 1290 2992 Moguntiuo
1310 2912 1402 2973 etiam
1424 2912 1590 2992 peculiaria
1611 2913 1690 2975 Acta
1713 2912 1833 2974 illorum
1855 2909 2054 2974 comitiorum
2077 2911 2195 2979 tuisse.
2218 2917 2319 2973 taruco

305 3020 345 3063 ex
366 2999 416 3061 his
438 3000 552 3074 verbis,
571 3001 683 3079 quibus
706 3000 871 3081 apographi
894 3000 972 3062 litlce'
993 3000 1194 3069 confirmetur,
1217 2996 1413 3079 subscriptis,
1432 3019 1501 3059 meo
1521 3000 1643 3078 quidem
1666 2999 1789 3069 iudicio,
1812 3000 1934 3059 minime
1957 3005 2040 3061 certo
2064 2996 2210 3078 colligere
2233 2995 2320 3071 licet,

303 3084 1108 3234 sitatibltttlttffltltti.li:
1126 3080 1476 3231 illilfl'li'll‘i
1501 3081 2320 3250 milliasti?blizltitsshtlitll

303 3255 446 3319 Viennae
463 3263 647 3332 asservatur,
666 3191 700 3318 el
719 3256 860 3318 tabularii
883 3256 1053 3337 Imperialis
1075 3257 1213 3336 {primarii
1234 3190 1407 3334 lllogulltiui
1430 3191 1563 3339 explllhil,
1586 3257 1625 3319 (le
1648 3256 1707 3318 boc
1728 3256 1823 3319 altero
1846 3257 1981 3337 proxime
2004 3262 2077 3336 post
2100 3212 2210 3326 verba:
2241 3274 2320 3335 quae

304 3344 365 3404 iam
384 3344 414 3404 iu
436 3342 632 3424 praecedenti
653 3340 727 3402 Vol.
749 3340 866 3405 XXVl.
894 3364 925 3424 p.
943 3344 1004 3404 423
1027 3362 1076 3422 sq.
1107 3347 1179 3403 nota
1200 3345 1234 3420 a)
1256 3341 1355 3414 attuli,
1374 3342 1458 3404 addit
1479 3342 1608 3404 haecce:
1631 3347 1673 3406 OEt
1693 3342 1774 3419 [scil.
1793 3347 1844 3406 bat
1861 3346 2133 3417 praeacuentes
2151 3362 2184 3424 gu
2202 3342 2315 3424 iliatug]

302 3429 353 3509 bat
371 3430 467 3507 ieitbet
485 3432 536 3493 mit
553 3430 613 3493 bem
631 3429 886 3512 (ltutmalugtirtea
903 3432 1077 3505 tentacula
1096 3432 1125 3491 iu
1144 3431 1229 3491 elaeae
1247 3430 1514 3507 geuetniqattlirqea
1528 3429 1736 3512 breuqqeattte
1758 3430 1806 3492 bet
1825 3432 1913 3493 litera
1932 3429 2161 3507 bburtteitttdtea
2179 3426 2317 3507 &debiti

303 3516 456 3593 qeitaabea,
476 3518 532 3581 unt
551 3518 635 3579 ittet
653 3517 751 3580 belbe
774 3516 931 3592 titulae,
950 3518 1004 3579 tte
1026 3523 1131 3578 uatet
1150 3525 1221 3578 teat
1240 3518 1598 3591 gemeinirbaittirteo
1617 3518 1791 3594 iiabmen:
1812 3514 2141 3597 btutmatugtictet
2176 3514 2318 3589 beuta,

302 3603 484 3681 beatifica
514 3603 662 3672 metten,
692 3602 741 3681 ipat
766 3616 820 3666 aaa
844 3604 919 3677 tebet
947 3605 990 3666 eta
1021 3602 1186 3675 bburttrfll.
1209 3601 1388 3671 bratteatas
1407 3603 1479 3675 nebit
1497 3603 1601 3679 etatgen
1621 3602 1677 3680 titur
1695 3606 1938 3680 untergeuetaeteo
1962 3603 2167 3679 tiieqtiteatuteo
2186 3602 2228 3663 bie
2247 3602 2320 3677 ’ttuiu

303 3690 366 3765 ilrtpt
383 3690 500 3768 aetatu.
519 3723 562 3734 —
578 3722 622 3733 —
641 3687 694 3752 &a
719 3688 887 3766 &parturit
911 3690 1030 3751 &natea
1055 3708 1088 3770 qu
1106 3690 1206 3769 ittotai
1227 3688 1315 3762 tatto
1332 3690 1388 3765 test
1410 3689 1452 3748 tte
1470 3690 1545 3761 metir
1563 3689 1728 3765 aetianam
1752 3690 1891 3767 petreiien,
1910 3688 1962 3759 tui
1980 3690 2032 3749 tat
2052 3686 2243 3757 biettutatditu
2266 3702 2319 3752 tou

301 3774 362 3837 itm
381 3774 634 3855 &hurmatmlltbtu
653 3778 825 3851 &aetatula
845 3783 968 3853 getteunt
994 3780 1100 3837 metten
1120 3776 1196 3850 iotis
1223 3778 1281 3832 etc.
1324 3768 1373 3832 Ex
1400 3770 1451 3832 bis
1474 3771 1664 3853 intelligitur,
1695 3771 1748 3833 illa
1770 3775 1861 3835 verba
1882 3770 2055 3853 apographo
2079 3772 2257 3851 subscripta
2281 3769 2320 3832 ad

301 3858 480 3921 tabulmmrn
507 3857 667 3940 lmperiale
692 3859 903 3940 Moguutinnm
931 3860 1044 3941 optimo
1074 3860 1140 3920 iure
1165 3856 1268 3918 reterri
1289 3875 1396 3936 posse.

456 3968 675 4031 Muellerus
698 3977 809 4042 autem,
832 3969 882 4032 his
906 3976 1090 4054 argumentis
1107 3973 1292 4057 propositis,
1315 3991 1344 4052 p.
1367 3967 1470 4032 axvi
1493 3990 1542 4051 sq.
1566 3971 1634 4051 ipse
1657 3970 1704 4030 sic
1728 3970 1841 4050 pergit:
1872 3966 2008 4029 „Verum
2035 3967 2067 4026 id
2095 3987 2134 4027 aa
2163 3967 2320 4027 minimum

305 4052 429 4133 quidem
447 4057 491 4115 rei
509 4062 645 4124 nostrae,
665 4061 757 4134 atque
775 4056 944 4133 antiquitati
968 4068 999 4119 et
1021 4060 1169 4124 αὖθεντία
1187 4060 1288 4137 ipsius
1306 4055 1453 4119 formulae
1476 4063 1579 4127 nocet,
1599 4075 1679 4135 quae
1701 4058 1763 4119 etsi
1785 4075 1843 4116 non
1861 4056 1970 4137 prima,
1993 4060 2086 4133 atque
2108 4055 2138 4113 in
2157 4053 2238 4134 ipsis
2261 4049 2319 4113 Co·

239 4212 245 4219 Ι
303 4140 399 4201 mitiis
411 4139 582 4221 praelecta,
605 4147 706 4202 tamen
730 4160 768 4201 ca
789 4148 848 4215 est,
872 4163 962 4222 quarn
989 4146 1060 4207 inde
1090 4125 1280 4226 exsignatam
1310 4144 1430 4205 scribae
1457 4143 1486 4202 in
1515 4142 1596 4202 Acta
1619 4141 1743 4221 publica
1768 4140 1996 4203 naastulerunt.
2040 4138 2161 4200 Etenim
2188 4139 2319 4219 primum

304 4224 409 4306 explet
430 4232 546 4309 partem
568 4246 684 4309 eorum,
707 4246 786 4307 quae
810 4227 839 4287 in
858 4225 999 4290 (lomitiis
1021 4233 1213 4313 Augustanis
1231 4229 1354 4312 publice
1371 4235 1440 4289 acta
1457 4233 1488 4287 et
1506 4229 1677 4307 conscripta
1698 4229 1727 4288 in
1749 4225 1897 4289 tabulario
1919 4224 2098 4304 Mogontino
2121 4225 2257 4305 reposita
2274 4243 2320 4285 re·

303 4313 474 4392 periuutur3
497 4312 608 4375 deinde
630 4313 739 4374 modos
757 4312 907 4393 quasdam
931 4316 1051 4377 dicendi
1073 4338 1110 4379 ac
1131 4320 1224 4379 verba
1245 4317 1338 4379 habet
1361 4315 1480 4385 eadem,
1499 4332 1579 4392 quae
1599 4332 1618 4372 a
1635 4310 1821 4374 [lutheranis
1843 4319 1919 4384 tum,
1942 4331 2009 4372 cum
2042 4312 2222 4373 recitabatur
2248 4331 2321 4372 cou-

305 4396 425 4471 iutatio,
448 4401 626 4479 consignata
648 4404 679 4460 et
697 4406 810 4468 notata,
829 4407 860 4461 et
877 4400 1005 4463 Lutheri
1027 4401 1183 4483 Operibus
1200 4403 1286 4464 illata
1307 4400 1398 4462 modo
1421 4398 1581 4467 exhibeat,
1604 4405 1638 4460 ut
1655 4398 1684 4458 in
1706 4398 1848 4479 prologo:
1866 4400 2012 4473 ueritatis)
2032 4400 2153 4477 celebra:
2175 4397 2319 4472 enitenti·

304 4489 431 4563 genunt
450 4488 547 4550 ettata
566 4489 703 4549 biennem
728 4502 781 4551 uua
800 4491 839 4552 au
857 4489 999 4552 ilatluaen
1018 4488 1181 4569 Quotam
1210 4509 1246 4551 ac
1269 4485 1411 4549 honestis
1435 4487 1512 4546 viris
1534 4482 1724 4545 attonsarum
1746 4488 1922 4553 annonam,
1952 4502 2044 4563 quum
2070 4490 2169 4545 tamen
2197 4484 2320 4563 proprie

303 4568 433 4639 eruditi,
456 4578 490 4634 ut
507 4573 537 4632 in
561 4569 678 4633 Codice
695 4568 793 4652 Pflug.
816 4576 1015 4647 nominantur,
1038 4595 1098 4636 non
1116 4594 1188 4635 vero
1204 4573 1334 4653 probati
1356 4574 1419 4634 oiri
1445 4573 1509 4633 sint
1525 4574 1693 4650 ,aermabtge
1716 4574 1851 4649 winus)
1876 4576 1939 4643 aucti
1965 4572 2113 4653 gugeitellt,
2139 4567 2320 4647 (lepmdam

304 4655 428 4734 dcde'tr)
451 4678 514 4737 mag
532 4662 598 4733 tteie
617 4660 750 4721 ‘tlotuott
768 4662 882 4737 gegeben
901 4666 1007 4726 merten
1026 4660 1136 4737 (reddi
1154 4664 1296 4740 potesta,
1313 4666 1367 4722 art.
1388 4663 1418 4721 6.
1441 4658 1646 4738 euffraqotur,
1672 4665 1701 4720 et
1719 4678 1783 4736 mag
1808 4662 1850 4723 ntt
1877 4676 1908 4739 gu
1933 4660 2005 4731 bitti
2029 4656 2154 4733 fiumen:
2182 4662 2236 4715 art.
2269 4657 2318 4715 10.

304 4760 373 4807 tuere
390 4750 437 4806 bet
454 4748 517 4809 aaa
534 4744 626 4820 (ttulit
643 4746 708 4815 thet
727 4750 782 4807 aab
803 4765 838 4808 on
857 4748 956 4811 ilicet:
975 4747 1068 4808 verba
1089 4752 1144 4812 unt
1170 4768 1205 4811 ou
1231 4748 1316 4809 illuet
1338 4744 1431 4806 latina
1458 4764 1517 4805 uon
1542 4743 1665 4804 habeut.
1709 4740 1742 4803 ln
1772 4741 1853 4804 Part
1879 4744 1921 4802 ΙΙ.
1944 4749 2000 4803 art.
2030 4746 2057 4803 1.
2086 4741 2179 4802 rerba
2207 4738 2319 4802 latinae

305 4826 468 4889 termulae:
483 4835 619 4911 propter
635 4828 781 4909 pericula
801 4851 867 4892 mos
884 4835 944 4895 tate
961 4833 1065 4895 dandi
1081 4841 1239 4915 atramque
1256 4833 1389 4913 qrecr'cm
1407 4829 1512 4900 derit,
1536 4833 1629 4908 auget
1651 4828 1800 4890 vocabulo
1830 4832 2056 4907 itttliruuelqeub,
2082 4826 2164 4907 quod
2195 4844 2318 4908 quoque

303 4913 337 4986 ii,
360 4914 412 4993 qul
435 4916 464 4976 in
489 4916 569 4996 ipsis
593 4912 735 4977 Comitiis
758 4916 838 4998 Aug.
864 4918 979 4980 calamo
1003 4921 1196 5001 excipiebant
1220 4916 1472 4986 confutationem,
1495 4914 1683 4977 addiderunt.
1727 4913 1760 4976 la
1790 4922 1843 4976 art.
1873 4916 1924 4974 24.
1955 4912 2099 4977 Clerietm
2128 4912 2258 4991 offertur
2279 4914 2317 4973 in

303 4998 421 5080 mesa,
438 4999 617 5081 Mogontine
639 5002 741 5062 verbis
763 5021 791 5063 u.
816 5006 868 5066 20.
885 5004 988 5068 mdlae
1008 5013 1139 5068 amatae
1159 5004 1261 5068 addite
1279 5011 1336 5067 aab
1355 5008 1402 5078 itt
1420 5005 1471 5066 bat
1490 5004 1612 5081 leteabtq
1635 5004 1710 5065 atta
1736 5003 1875 5082 &tetiam
1902 5008 1954 5065 bat
1976 5001 2075 5067 accen
2103 5002 2179 5064 titul
2196 5034 2241 5046 -
2258 5002 2318 5076 aui·

412 5286 442 5358 ’)
459 5292 530 5345 naec
546 5291 686 5347 ttuelleros
703 5294 759 5358 tpae
777 5296 884 5347 enamt
900 5294 917 5348 t
934 5297 951 5350 t.
967 5296 1080 5353 Praetrt.
1097 5312 1123 5363 p.
1141 5298 1163 5349 x
1179 5308 1218 5363 sq.
