4756 6194
181 399 250 467 ete

183 584 305 654 iactos.
350 587 386 654 ln
407 589 494 655 baec
521 590 589 655 duo
610 606 715 672 opera
736 587 913 652 distributa
934 598 986 651 est
1007 588 1165 654 uniuersa

181 676 359 759 scriptura.
402 673 520 741 Altera
546 694 626 758 pars
656 671 712 737 lex
740 685 792 737 est
814 693 901 759 quae
922 674 1084 752 ostendit,
1111 696 1163 740 ar·

229 762 254 825 it
282 772 315 825 et
342 761 542 826 condemnat
569 771 722 845 peccata.
765 756 882 824 Altera
933 779 989 823 ars
1012 758 1163 846 Euange-

108 859 115 868 '
180 781 281 923 him,
306 846 374 910 boc
395 857 449 912 est
475 847 653 931 promissio
681 844 810 929 gratiae
836 845 870 908 in
925 844 1031 909 bristo
1060 847 1162 911 dona·

181 944 255 1010 tae,
289 942 322 996 et
349 931 433 996 baec
458 932 643 1017 ¹promissio
673 931 815 995 subinde
846 933 1009 1015 repetitur
1027 932 1061 995 in
1093 943 1163 998 tota

180 1019 359 1103 scriptura,
381 1018 520 1099 primum
537 1018 659 1081 tradita
676 1014 781 1093 Adae,
803 1027 924 1100 postea
946 1015 1162 1098 Patriarcbis,

180 1104 301 1170 deinde
323 1123 344 1166 a
363 1101 541 1186 Prophetis
563 1100 739 1168 illustrate.
771 1101 948 1168 Postremo
970 1104 1162 1186 praedicata

103 1244 111 1253 .
180 1203 214 1255 et
237 1187 423 1254 exhibitae
445 1188 582 1254 Christo
613 1190 699 1252 inter
721 1188 874 1267 ludaeos,
899 1200 933 1252 et
954 1190 997 1253 ab
1015 1187 1162 1272 Aposto-

179 1274 222 1340 lis
245 1275 419 1358 sparseio
444 1286 547 1339 totum
569 1273 738 1340 muudum.
771 1272 856 1337 Nam
878 1272 945 1339 fide
966 1274 1064 1339 buius
1084 1296 1161 1360 pro·

179 1361 348 1426 missionis
371 1362 479 1425 sancti
502 1379 618 1425 omnes
640 1358 809 1423 iustificati
832 1371 922 1439 sunt,
946 1373 1161 1446 nonpropter

178 1466 260 1511 sues
300 1447 515 1524 attriciones,
552 1444 608 1511 vel
641 1446 877 1513 contriciones.
934 1445 976 1510 Et
1009 1445 1161 1532 exempla

179 1534 361 1597 ostendunt
393 1529 545 1596 similiter
575 1532 638 1596 bas
670 1530 754 1595 duas
785 1542 911 1616 partes.
959 1529 1069 1597 Adam
1102 1535 1160 1597 ob·

178 1619 332 1704 iurgatur
352 1629 431 1702 post
456 1628 650 1701 peccatum,
678 1625 711 1680 et
737 1614 933 1701 perterrefit.
980 1616 1075 1684 Haec
1096 1618 1160 1685 fnit

179 1705 360 1782 contricio,
386 1701 511 1769 Postea
532 1702 689 1788 promittit
710 1701 806 1767 Deus
830 1703 986 1789 gratiam,
1009 1703 1089 1769 dicit
1110 1700 1160 1770 fu·
1227 1760 1234 1771 .

178 1801 289 1856 turum
311 1809 349 1853 se
383 1808 437 1867 en,
461 1809 527 1875 quo
551 1791 889 1874 destrueturregnnm
911 1786 1044 1863 diaboli,
1066 1809 1159 1855 mors

178 1887 211 1941 et
232 1809 419 1960 peccat'uin,
442 1876 489 1938 lbi
511 1873 608 1939 offert
629 1874 858 1940 remissionem
879 1875 1020 1960 peccati.
1067 1877 1159 1943 Haec

179 1972 258 2028 sunt
301 1961 468 2044 raecipua.
492 1959 577 2025 Nem
599 1962 795 2044 etsipostea
815 1961 947 2025 additur
966 1979 1087 2045 poena,
1109 1973 1159 2026 ta·

178 2069 254 2113 men
321 2066 361 2112 ec
382 2065 490 2131 poena
512 2067 579 2110 non
601 2058 745 2111 meretur
766 2047 993 2112 remissionem
1016 2048 1157 2130 peccati.

176 2131 221 2198 Et
242 2134 284 2196 de
305 2132 373 2198 boc
402 2151 527 2215 genere
554 2151 734 2217 poenarum
761 2132 969 2219 paulopost
996 2133 1157 2213 dicemus,

177 2218 237 2284 Sic
265 2216 377 2281 Dauid
404 2219 500 2282 obiur
524 2230 599 2282 atur
625 2237 647 2282 a
674 2217 807 2284 Nathan
836 2230 868 2283 et
895 2215 1158 2303 perterrefactus

175 2304 297 2390 inquit,
325 2302 468 2369 Peccaui
526 2304 646 2368 omino.
691 2303 741 2368 lia
769 2316 822 2369 est
843 2306 1016 2369 contricio.
1060 2304 1158 2370 Post·

177 2409 219 2456 ea
240 2390 332 2455 audit
356 2392 389 2467 ⁸)
410 2387 673 2467 absolutionem,
694 2390 859 2457 Dominus
881 2387 1017 2455 sustulit
1038 2409 1158 2475 pecca·

177 2488 246 2540 tum
274 2488 382 2553 tuum,
412 2474 489 2539 Non
518 2476 681 2540 morieris.
725 2475 818 2541 llaec
849 2496 916 2541 vox
937 2476 1034 2562 erigit
1054 2475 1158 2541 Daui·

178 2562 271 2640 dem,
293 2571 326 2627 et
353 2559 419 2625 fide
447 2571 628 2640 sustentat,
651 2561 825 2639 iustificat,
847 2571 881 2628 et
902 2561 1052 2628 viuiiicat
1070 2582 1157 2627 eum.

176 2647 319 2713 Additur
340 2657 374 2711 et
395 2644 450 2712 bic
466 2644 586 2730 pocub,
609 2646 671 2712 sed
691 2646 778 2713 baec
798 2667 909 2731 poena
924 2668 993 2713 uon
1012 2661 1159 2713 merctur

176 2734 406 2798 remissionem
427 2743 652 2818 peccatorum,
672 2733 745 2798 Nec
765 2752 899 2818 semper
913 2734 1080 2799 adduntur
1101 2753 1157 2817 pe·

178 2817 322 2883 culiares
343 2837 491 2904 poenae,
518 2818 582 2883 sed
603 2817 688 2884 haec
715 2820 781 2884 duo
804 2839 937 2905 semper
958 2821 1102 2886 existere
1122 2820 1158 2884 in

177 2903 388 2988 poenitencia
416 2913 549 2988 oportet
577 2905 825 2972 contricionem·
843 2918 877 2972 et
898 2905 1015 2985 iidem,
1036 2917 1075 2973 vt
1094 2905 1158 2971 Lu·

177 3008 240 3057 cae
273 2989 328 3075 vij.
354 2993 386 3069 ⁹)
435 2987 557 3055 Mulier
587 2992 757 3074 peccatrix
788 2991 880 3057 venit
912 2992 957 3056 ad
989 2989 1158 3057 Christum

176 3072 401 3160 lachrymans.
450 3074 516 3141 Per
543 3074 605 3141 has
632 3074 825 3162 lachrymas
853 3078 1051 3163 agnoscitur
1079 3097 1158 3142 con-

179 3162 286 3227 tricio.
317 3159 441 3227 Postea
460 3162 553 3228 audit
574 3159 832 3241 absolutionem,
853 3162 1078 3228 Remittuntur
1099 3163 1159 3229 tibi

241 3257 325 3312 cata.
368 3246 469 3312 Fides
495 3258 554 3313 tua
574 3245 703 3313 saluam
723 3259 758 3313 te
778 3244 877 3327 iecit,
899 3248 987 3313 vade
1007 3247 1042 3311 in
1063 3267 1158 3333 pace.

229 3353 270 3398 ec
296 3343 349 3398 est
375 3330 482 3398 altera
504 3352 584 3418 pars
606 3334 855 3420 poenitenciae,
882 3331 967 3398 fides
990 3352 1076 3418 quae
1097 3335 1159 3399 eri·

177 3418 228 3507 git
255 3428 290 3484 et
316 3406 515 3485 consuatur
540 3439 625 3485 eam.
670 3419 722 3484 Ex
749 3417 803 3484 his
833 3420 989 3505 ⁴omnibus
1018 3429 1159 3504 apparet

176 3503 242 3590 pijs
260 3501 455 3584 lectoribus,
478 3523 542 3569 uos
561 3524 620 3571 eas
642 3516 755 3590 partes
768 3506 997 3589 poenitenciae
1018 3525 1158 3589 ponere,

177 3610 264 3676 quae
279 3590 436 3676 propriae
452 3594 504 3667 ¹⁰)
527 3602 606 3656 sunt
627 3593 661 3655 in
683 3593 916 3669 conuersioue,
937 3608 1000 3656 sen
1016 3609 1158 3678 regene-

177 3677 308 3741 ratione
339 3686 374 3741 et
406 3677 603 3742 remissione
634 3679 776 3762 peccati.
824 3677 969 3742 Fructus
1001 3677 1093 3764 digni
1125 3689 1160 3742 et

176 3780 306 3847 poem
333 3775 519 3846 sequuntur
546 3782 584 3827 re
631 3765 834 3827 necationem
863 3773 898 3829 et
924 3763 1158 3829 remissionem

177 3845 320 3934 peccati.
343 3846 420 3911 ldeo
444 3867 487 3911 ue
503 3846 567 3911 bas
606 3867 669 3912 uas
690 3858 805 3931 partes
826 3849 1010 3932 posuimus,
1032 3860 1068 3913 vt
1089 3868 1157 3914 mn·

176 3933 231 4020 gis
255 3931 405 4015 conspici
458 3932 518 3996 des
540 3933 668 4018 possit,
696 3953 794 4017 quam
821 3934 855 3996 in
876 3934 1085 4018 poenitencia
1106 3952 1158 3997 ra·

178 4018 349 4103 quirimus.
393 4014 436 4081 lit
458 4037 512 4083 ma
548 4036 566 4082 s
586 4014 728 4104 intelligi
746 4029 873 4104 potest,
894 4014 973 4102 quid
995 4017 1039 4081 sit
1060 4016 1158 4097 fides,

177 4123 277 4189 quarn
305 4102 477 4187 praedicat
534 4100 739 4189 nangelium,
769 4125 845 4170 cum
875 4102 1055 4190 opponitur
1077 4122 1158 4169 con·

178 4188 321 4263 tricioui‚
343 4208 385 4255 ec
407 4188 665 4256 mortificationi.

177 4503 235 4550 m
260 4427 322 4480 Post
338 4427 399 4481 irasc
419 4428 509 4484 veta:
533 4445 565 4481 ac
583 4430 787 4483 mortificationi.
810 4429 839 4479 te
860 4428 942 4483 ntia
965 4430 1042 4480 2—4.
1067 4428 1158 4480 addita

246 4667 282 4718 tit
297 4678 327 4719 ut
343 4677 414 4720 totus
432 4670 503 4721 orbis
520 4676 647 4721 terrarum
663 4670 769 4734 uideat,
786 4678 884 4735 quanta
899 4673 935 4723 rit
950 4669 1054 4720 inscitie
1078 4683 1158 4720 uerae

177 4739 282 4804 pietatis
299 4740 327 4787 iu
345 4740 441 4789 uostris
458 4738 563 4791 Criticia
586 4741 631 4805 qui
653 4738 862 4791 comminuam
882 4740 1057 4805 seripserunt,
1079 4738 1158 4793 edde-

177 4820 235 4856 mur
262 4814 289 4857 et
313 4805 445 4858 Bernardi
466 4809 642 4872 serendam,
663 4811 707 4875 qui
730 4822 837 4874 pressus
859 4809 1026 4860 adeundam
1051 4808 1158 4859 modum

179 4876 316 4940 coniungit
339 4875 406 4926 baec
432 4875 485 4927 dne
511 4877 626 4929 membra
653 4881 681 4930 in
707 4880 888 4945 poenitencia,
910 4878 1106 4946 *municionem
1130 4884 1158 4927 et

176 5022 387 5045 h

198 5149 228 5214 Β)
246 5148 332 5215 audit]
350 5149 401 5201 lid
420 5151 462 5203 4.=
479 5149 594 5203 attendit

196 5233 228 5300 9)
245 5234 305 5302 vit]
323 5233 374 5286 Ed.
392 5235 431 5287 &a
448 5239 569 5303 septimo
673 5282 677 5287 .

180 5319 228 5386 te)
244 5319 378 5388 propriael
395 5319 446 5376 ld.
464 5323 506 5375 8.)
522 5323 630 5390 proprie

384 5437 813 5489 monimum.

533 400 574 467 ii.
617 395 852 466 munuum
872 396 1193 470 consessionis
1214 396 1533 469 incussam.
1576 398 1618 466 ll.
1661 396 1854 466 ALTERA.

2131 403 2201 471 nte

1215 590 1302 652 iidem,
1321 593 1389 642 sicut
1405 605 1453 640 nos
1471 589 1664 654 coniungimua.
1701 589 1789 640 Verba
1805 594 1867 638 sunt
1883 589 1948 640 baec
1964 591 1992 640 in
2009 605 2129 642 sermone
2147 602 2201 644 ter·

1216 661 1254 709 tio
1282 661 1314 710 de
1340 661 1550 710 annunciatione.
1586 659 1714 708 Anditam
1741 658 1785 707 iac
1807 659 1869 708 mibi
1891 674 1969 708 mane
1994 661 2200 712 misericordiam

1215 735 1301 790 tuam,
1320 732 1381 793 quia
1396 730 1424 777 in
1442 736 1468 777 te
1486 730 1592 792 speraui
1608 727 1733 777 Domine.
1767 725 1833 778 Sola
1855 728 1975 777 nimirum
1996 742 2055 792 spes
2079 733 2149 794 apud
2171 739 2198 781 te

1215 799 1389 847 miserationis
1406 798 1493 847 locum
1511 797 1617 857 obtinet,
1635 810 1684 845 noc
1702 797 1789 845 oleum
1806 797 2010 858 misericordiae,
2028 799 2077 846 uisi
2091 801 2118 848 in
2133 813 2198 850 uase

1215 866 1325 915 fiduciae
1341 869 1426 930 ponis.
1462 864 1517 916 Sed
1540 873 1579 914 est
1602 864 1715 914 infidelis
1738 864 1849 925 fiducia,
1872 866 1953 916 solius
1976 867 2067 928 utique
2088 868 2198 919 maledi-

1214 937 1309 984 ctionis
1328 950 1411 999 capax
1432 949 1491 984 cnm
1516 934 1640 984 uidelicet
1663 934 1691 982 in
1715 947 1761 997 spe
1786 948 1930 996 peccamus.
1968 931 2123 999 Quanquam
2147 951 2197 987 nec

1214 1003 1310 1053 fiducia
1327 1005 1372 1054 illa
1390 1005 1502 1053 dicenda
1524 1005 1571 1064 sit,
1593 1002 1640 1051 sed
1663 1002 1848 1052 insensibilitas
1872 1003 2002 1065 quaedam
2027 1012 2053 1052 et
2077 1005 2197 1055 dissimu-

1214 1073 1281 1121 latio
1295 1073 1320 1135 Ι)
1338 1074 1494 1136 peruiciosa.
1531 1073 1604 1130 Quae
1622 1072 1691 1121 enim
1707 1070 1802 1119 fidncia
1820 1079 1860 1120 est
1877 1073 1901 1120 ei
1919 1073 1961 1137 qui
1980 1073 2123 1135 perieulum
2141 1088 2195 1123 non

1215 1141 1343 1190 scandit?
1360 1150 1406 1191 aut
1423 1142 1494 1205 quod
1511 1140 1546 1188 ibi
1564 1141 1664 1189 timoris
1686 1140 1846 1201 remedium,
1868 1140 1912 1189 ubi
1938 1154 1986 1189 nec
2011 1142 2089 1189 timor
2112 1144 2192 1192 senti·

1213 1217 1265 1272 tur,
1283 1224 1331 1259 nec
1349 1212 1456 1259 materia
1473 1211 1530 1273 ipsa
1553 1209 1672 1258 timoris?
1707 1207 1818 1257 Fiducia
1839 1209 1960 1258 solatium
1983 1217 2038 1271 est,
2063 1224 2112 1259 nec
2136 1219 2197 1274 eget

1213 1278 1258 1327 ille
1284 1279 1381 1327 solatio
1403 1280 1446 1344 qui
1473 1280 1568 1327 letatur
1591 1292 1650 1326 cum
1672 1277 1739 1326 male
1764 1277 1854 1325 iecerit
1878 1286 1904 1325 et
1927 1279 1954 1326 in
1977 1278 2093 1340 pessimis
2116 1282 2195 1330 rebus

1213 1349 1296 1410 magis
1314 1348 1423 1398 exultat.
1458 1345 1589 1410 Rogemus
1607 1346 1695 1410 itaque
1718 1345 1810 1395 iratres
1834 1347 1987 1409 responderi
2012 1348 2090 1396 nobis
2113 1363 2194 1411 quau·

1212 1423 1251 1464 tas
1269 1417 1411 1466 habeamus
1434 1416 1584 1481 iniquitates
1607 1421 1634 1462 et
1656 1422 1779 1479 peccata,
1805 1416 1905 1464 scelera
1930 1422 2021 1464 nostra
2047 1423 2072 1462 et
2096 1417 2193 1469 delicta

1212 1485 1288 1534 nobis
1315 1485 1491 1534 desideremus
1521 1482 1634 1533 ostendi.
1670 1481 1822 1533 Scrutemur
1847 1485 1904 1532 uias
1929 1492 2032 1532 nostras
2055 1490 2082 1531 et
2107 1486 2196 1537 studia

1212 1562 1304 1603 nostra
1328 1555 1494 1619 periculaque
1517 1553 1638 1603 uniuersa
1660 1552 1737 1615 uigili
1760 1551 1903 1601 intentione
1927 1566 2073 1616 pensemus.
2114 1553 2196 1604 Dicat

1212 1623 1322 1686 quisque
1339 1624 1367 1670 in
1385 1636 1483 1686 pauore
1501 1637 1557 1683 suo,
1574 1621 1669 1671 uadem
1685 1621 1720 1669 ad
1737 1628 1826 1684 portas
1844 1621 1935 1681 interi,
1954 1629 1983 1670 ut
2000 1623 2051 1670 iam
2069 1636 2123 1670 uon
2140 1623 2192 1672 nisi

1211 1692 1240 1740 iu
1257 1692 1314 1741 sola
1331 1691 1382 1740 Dei
1405 1690 1586 1741 misericordia
1607 1690 1772 1752 respiremus.
1809 1689 1882 1739 Haec
1905 1704 1967 1738 uera
1991 1689 2104 1739 hominis
2128 1690 2195 1740 tidu·

1211 1774 1253 1810 cra
1271 1767 1318 1820 est,
1335 1773 1353 1809 a
1369 1773 1398 1808 se
1416 1760 1569 1820 deficientis,
1587 1767 1615 1807 et
1631 1758 1765 1808 innitentis
1783 1758 1890 1807 domino
1908 1773 1964 1809 suo.
2000 1758 2071 1807 Haec
2088 1760 2195 1823 iuquam

1210 1842 1274 1877 uera
1290 1827 1389 1878 fiducia
1406 1835 1446 1877 est
1469 1828 1511 1877 cui
1534 1826 1715 1877 misericordia
1736 1841 1791 1876 uon
1816 1827 1974 1890 denegatur,
1998 1824 2132 1890 Propheta
2154 1836 2192 1877 te-

1210 1904 1304 1947 stante.
1340 1895 1536 1961 Beueplacitum
1554 1902 1594 1945 est
1611 1896 1718 1946 domiuo
1736 1909 1815 1958 super
1832 1899 1951 1946 timentes
1968 1909 2042 1956 eum,
2061 1904 2088 1945 et
2106 1896 2133 1944 in
2151 1896 2192 1945 bis

1210 1966 1255 2029 qui
1273 1972 1381 2029 sperant
1398 1980 1476 2030 super
1493 1965 1673 2015 misericordia
1690 1964 1754 2013 eius.
1790 1964 1817 2013 N
1818 1978 1848 2013 ec
1866 1978 1948 2027 parua
1965 1965 2057 2028 utique
2079 1966 2194 2028 suppetit

1209 2035 1301 2096 nobis,
1319 2035 1346 2082 iu
1364 2033 1440 2084 nobis
1458 2035 1562 2099 quidem
1581 2047 1660 2083 cauae
1676 2032 1787 2093 timoris,
1804 2034 1831 2083 in
1849 2034 1907 2097 ipso
1924 2040 2011 2082 autem
2030 2047 2108 2082 causa
2125 2033 2193 2084 iida-

1210 2105 1276 2154 ciae.
1312 2101 1446 2151 Hactenus
1468 2102 1633 2163 Bernartius,
1662 2101 1734 2149 cuius
1760 2103 1920 2152 sentenciam
1947 2108 2088 2165 propterea
2115 2103 2194 2152 etiam

1209 2185 1263 2222 non
1281 2171 1356 2220 inuiti
1373 2171 1519 2231 retulimus,
1536 2176 1565 2220 ut
1581 2171 1689 2220 uideant
1706 2170 1826 2230 lectores,
1845 2169 1977 2234 quomodo
1996 2168 2074 2218 fidem
2091 2169 2134 2218 bic
2152 2171 2193 2220 in·

1209 2240 1356 2302 telligamus
1383 2239 1416 2288 de
1439 2240 1536 2289 fiducia
1552 2237 1774 2297 misericordiae,
1798 2253 1864 2303 quae
1888 2239 1967 2301 erigit
1990 2244 2016 2286 et
2041 2239 2193 2288 consolatur

1208 2308 1418 2374 perterrefactos,
1435 2323 1513 2371 qnam
1530 2308 1580 2358 iste
1597 2314 1669 2357 recte
1687 2305 1808 2355 tiduciam
1826 2307 1949 2372 appellat.
1985 2305 2021 2355 lit
2036 2305 2102 2355 haec
2121 2306 2191 2356 clare

1208 2378 1325 2440 conspici
1354 2384 1454 2441 potest,
1478 2393 1537 2426 cum
1561 2376 1592 2425 iit
1612 2374 1759 2426 Antithesis
1782 2384 1914 2425 terrorum
1938 2381 1965 2424 et
1989 2375 2190 2424 consolationis.

1209 2446 1284 2499 Sicut
1308 2445 1354 2495 bic
1381 2443 1531 2495 Bernartius
1560 2445 1616 2495 uult
1641 2445 1670 2493 iu
1691 2442 1842 2494 bominibus
1870 2444 1984 2493 existere
2013 2444 2192 2506 coguitionem

1207 2520 1389 2580 peecatorum,
1413 2528 1459 2564 eeu
1482 2515 1685 2574 contricionem,
1707 2525 1755 2561 seu
1778 2518 1906 2574 terrores,
1928 2511 1964 2561 Ε)
1986 2512 2043 2560 uult
2066 2512 2194 2562 accedere

1207 2582 1330 2634 tldnciam
1346 2595 1413 2648 quae
1430 2584 1515 2646 erigat
1530 2583 1559 2632 in
1576 2579 1758 2647 counitione]

1296 2800 1365 2869 Sed
1392 2800 1470 2886 quia
1496 2799 1682 2885 aduersarij
1712 2798 1905 2863 nominatim
1932 2798 2001 2863 boe
2021 2797 2191 2879 damnant,

1209 2888 1300 2977 quod
1333 2887 1471 2952 dicimus
1496 2884 1647 2951 homines
1679 2883 1745 2948 fide
1771 2883 1932 2968 consequi
1959 2883 2192 2951 remissionem

1208 2985 1434 3061 peccatorum,
1455 2972 1615 3037 addemus
1638 2968 1941 3055 paucasqnasdam
1962 2968 2191 3053 probationes,

1210 3079 1253 3126 ex
1274 3059 1395 3145 quibus
1416 3055 1555 3145 intelligi
1575 3056 1708 3142 poterit,
1730 3055 1960 3120 remissionem
1976 3065 2192 3139 peccatorum

1211 3147 1428 3250 contingere,
1459 3162 1528 3208 non
1561 3162 1609 3247 ⁶¹.
1631 3161 1735 3228 opere
1768 3152 1906 3291 qpprato
1938 3152 2078 3226 propter
2094 3159 2191 3240 ‘cou-

1208 3243 1404 3334 trrcrqnem,
1429 3229 1578 3333 sedlide
1597 3224 1658 3292 rlia
1684 3247 1777 3312 speci
1828 3269 1840 3306 ,
1866 3244 1933 3312 qua
1959 3243 2192 3373 uuusquisque

1210 3317 1315 3384 credit
1340 3316 1405 3380 srbr
1427 3326 1548 3380 remitti
1575 3325 1728 3397 mecam.
1744 3317 1797 3390 ¹¹)
1841 3311 1927 3377 Nam
1947 3310 2005 3376 hic
2026 3324 2133 3377 artrcu
2147 3330 2189 3378 us

1209 3402 1410 3508 praecipuus
1433 3411 1506 3480 est,
1534 3400 1577 3466 de
1598 3420 1666 3551 quo
1691 3396 1912 3500 digladiantur
1932 3418 2008 3462 cum
2029 3399 2206 3500 aduersa·-

1209 3508 1292 3571 an,
1325 3499 1359 3554 et
1393 3486 1489 3554 cuius
1522 3506 1610 3573 cogo
1622 3498 1746 3551 nonem
1779 3484 1929 3548 ducimus
1960 3500 2102 3547 maxime
2133 3501 2190 3546 ne·

1209 3574 1496 3677 cessariamoesse
1524 3569 1720 3637 Christianis
1747 3569 1911 3633 omuibus.
1964 3564 2047 3670 Cum
2078 3576 2190 3669 autem

1208 3659 1378 3822 higini-ff
1402 3652 1861 3808 hosoufii'iehih'ihdssnffiissfn
1883 3651 2191 3805 siffihtffffl

1208 3831 1348 3936 manime
1371 3828 1518 3928 cognati,
1541 3827 1694 3893 doctrina
1716 3824 1958 3910 poenitenciae,
1980 3835 2015 3889 et
2036 3823 2190 3890 doctrina

1207 3913 1491 4084 mutheriiighlshiiij
1520 4017 1595 4064 curu
1623 3998 1667 4061 de
1693 3994 1760 4061 fide
1787 3991 1987 4081 loquuntur,
2017 4005 2052 4060 et
2072 3995 2190 4061 dicunt

1207 4105 1282 4152 eam
1314 4086 1516 4170 praecedere
1548 4082 1815 4168 poenitenciam,
1853 4075 2042 4166 intelligunt
2075 4079 2189 4159 iidem,

1208 4190 1276 4274 npn
1296 4170 1384 4235 hanc
1405 4189 1493 4257 quae
1513 4169 1689 4247 iustificat,
1717 4168 1787 4235 Sed
1809 4167 1950 4252 quaein
1973 4185 2097 4271 perime
2119 4184 2190 4230 cre·

1208 4253 1971 4427 itiPstisriutilifdtiiitft
1988 4257 2105 4403 iiiii
2123 4261 2188 4401 ti

1207 4430 1353 4577 quisque
1373 4428 1492 4493 remitti
1516 4437 1670 4532 peccem.
1688 4429 1741 4503 12)
1786 4422 1840 4490 De
1870 4422 1936 4526 bac
1964 4420 2031 4488 fide
2051 4416 2189 4507 speciali
2303 4449 2306 4454 ·

1222 4524 1468 4665 “iiiiii
1483 4508 2071 4665 ittiidrdiniiitid'i‘
2084 4507 2189 4679 iit

1207 4620 1347 4772 &pirate
1378 4620 1618 4764 contriciehis,
1658 4679 1882 4750 confessionis
1913 4639 1949 4747 et
1987 4674 2189 4746 mtisfactio·

1226 5013 1256 5079 a)
1275 5009 1457 5078 dissimulatio]
1473 5009 1524 5062 lid.
1541 5010 1583 5062 4.)
1601 5007 1784 5061 dissimilitudo

1209 5096 1257 5162 11)
1273 5097 1323 5147 sibi
1346 5098 1445 5147 remitti
1466 5092 1595 5163 peccata]
1619 5092 1703 5148 nette
1729 5093 1822 5147 1-4.)
1848 5092 1898 5144 ribi
1922 5099 2030 5160 propter
2054 5090 2188 5144 Oba-iatam

1277 5167 1375 5216 remitti
1392 5172 1509 5231 peccatu

1210 5251 1258 5318 11)
1274 5251 1326 5303 sibi
1343 5253 1453 5319 quisque
1469 5250 1565 5302 remitti
1580 5244 1713 5319 penem]
1724 5247 1808 5303 Edit&
1826 5248 1920 5299 a-es
1937 5247 1991 5298 ribi
2004 5246 2114 5312 quiaque
2125 5256 2188 5311 prc-

1278 5327 1338 5387 pter
1354 5321 1488 5374 ceratum
1503 5319 1602 5372 remitti
1618 5323 1736 5385 putata·
2173 5352 2199 5377 „
