4756 6194
178 368 245 437 aar
432 430 434 435 ,
528 366 847 435 armoracia
869 363 1193 435 conrassroms
1212 327 1525 434 accusemus,
1572 366 1614 432 u.
1656 365 1845 434 aumas.
2127 368 2192 434 me

179 556 385 625 contricione
414 549 636 642 praecidimus
673 553 750 622 illas
783 557 918 623 ociosas
953 565 988 621 et
1017 551 1163 621 infinitas
1213 564 1323 619 tanmn
1344 552 1483 640 diligunt
1504 551 1624 620 Deum.
1668 555 1714 621 At
1735 554 1903 640 quomodo
1925 553 2064 641 diligent
2082 555 2193 625 Deum

181 643 450 728 disputacionea,
481 644 616 728 quando
644 664 686 709 ex
712 639 896 713 dilectione¹
912 639 994 718 Dei,
1028 639 1164 731 quando
1214 638 1367 704 homines
1395 642 1427 704 in
1459 640 1547 705 veris
1573 642 1757 706 terroribus
1785 661 1860 705 cum
1882 643 2029 708 sentiunt
2051 643 2192 710 horribi-

180 730 362 794 extimare
390 749 521 814 poenae
546 726 726 795 doleamus.
777 727 845 794 Sed
875 729 1014 793 dicimus
1042 726 1165 791 coutri-
1213 723 1280 791 lem
1302 737 1336 790 et
1352 723 1618 809 inexplicabilem
1635 727 1779 793 humana
1801 727 2077 805 voceiramllei‘l
2104 729 2192 805 Quid

180 815 312 880 cionem
350 834 430 881 esse
467 835 569 879 veros
609 827 756 880 terrores
795 814 1038 892 conscientiae,
1079 829 1164 895 quae
1214 809 1305 876 aliud
1333 812 1397 875 nisi
1427 813 1690 896 desperationem
1719 814 1862 891 docent,
1896 813 1952 899 qui
1982 815 2016 878 iu
2043 814 2099 880 his
2127 829 2193 882 ter·

184 898 296 966 Deum
315 902 429 965 ‘eendt
460 900 562 965 irasci
594 912 736 985 peccato
758 912 792 964 et
811 896 903 964 dolet
931 919 970 963 se
990 914 1164 982 peccasse.
1214 899 1346 962 roribus
1367 910 1492 963 tantum
1510 900 1690 964 ostendunt
1709 897 1839 984 legem‘l

180 984 225 1051 Et
259 985 342 1050 haec
370 986 530 1051 contricio
558 988 604 1049 ita
632 985 685 1063 lit,
720 986 854 1072 quando
888 986 993 1050 verbo
1020 981 1085 1048 Dei
1113 1002 1163 1046 ar·
1299 982 1373 1048 Nos
1402 984 1501 1068 igitur
1521 985 1672 1050 addimus
1703 983 1842 1049 alteram
1870 997 1998 1067 partem
2021 989 2193 1071 poeniten·

182 1083 329 1159 guantur
348 1082 499 1154 peccata,
520 1071 597 1156 quia
618 1071 704 1136 haec
724 1082 777 1136 est
799 1092 929 1136 summa
949 1068 1165 1155 praedicatio-
1214 1068 1279 1133 tiae
1309 1069 1351 1133 de
1378 1068 1445 1133 fide
1472 1070 1505 1133 iu
1532 1068 1721 1149 Christum,
1775 1073 1840 1135 uod
1863 1072 1897 1134 in
1925 1069 1978 1137 his
2005 1074 2191 1141 terroribus

179 1158 235 1222 'uis
252 1162 281 1236 1)
302 1152 491 1242 Euangelij,
513 1161 665 1242 Arguere
687 1169 839 1241 peccata,
860 1165 894 1220 et
911 1156 1031 1221 ollerre
1052 1153 1165 1218 remis·
1215 1156 1345 1253 debeat
1358 1156 1574 1241 conscientijs
1595 1159 1737 1241 proponi
1751 1092 1969 1241 huangettum
1991 1159 2032 1223 de
2045 1158 2192 1241 Christo,

182 1244 309 1307 monem
331 1255 561 1327 peccatoram,
584 1255 618 1308 et
639 1244 800 1308 iusticiam
822 1253 960 1327 propter
982 1237 1164 1316 Christum,
1214 1243 1247 1305 in
1269 1261 1336 1326 quo
1365 1242 1566 1327 promittitur
1593 1244 1699 1328 gratis
1729 1245 1882 1309 remissio
1909 1256 2125 1328 peccatorum
2149 1250 2192 1313 de

181 1322 216 1394 dt
237 1328 389 1411 spiritum
409 1339 580 1408 sanctam,
610 1342 644 1395 et
665 1330 767 1394 vitam
785 1340 974 1406 aeternam,
1000 1337 1033 1391 et
1055 1335 1091 1390 vt
1112 1342 1164 1388 rc·
1214 1324 1361 1399 Christo.
1417 1324 1550 1393 Debent
1584 1330 1685 1414 igitur
1723 1332 1885 1408 credere,
1926 1332 2016 1415 quod
2054 1345 2192 1418 propter

181 1415 250 1479 nati
268 1414 528 1479 benefaciamus.
557 1415 616 1482 Sic
634 1413 866 1499 complectitur
883 1432 1043 1480 summam
1054 1410 1163 1475 Euan·
1214 1409 1384 1478 Christum
1407 1415 1511 1498 gratis
1533 1415 1740 1480 remittantur
1765 1420 1796 1490 8)
1818 1417 1901 1499 ipsis
1923 1427 2073 1498 peccata.
2096 1419 2191 1485 llaec

182 1497 262 1587 gelij
291 1499 463 1578 christus,
485 1520 561 1566 cnm
582 1504 646 1578 ait,
668 1499 779 1566 Lucae
801 1496 927 1564 ultimo.
971 1495 1162 1562 Praedicari
1211 1496 1297 1563 lidos
1326 1498 1438 1584 erigit,
1460 1511 1643 1578 sustentat,
1670 1512 1703 1565 et
1723 1500 1870 1567 viuiiicat
1892 1503 2071 1582 contritos,
2099 1505 2191 1572 iuxta

181 1587 216 1651 iu
248 1587 382 1651 nomine
420 1606 496 1651 meo
512 1590 543 1666 2)
581 1587 823 1672 poenitenciam
862 1595 896 1649 et
933 1584 1163 1648 remissionem
1212 1581 1313 1664 illud,
1345 1584 1517 1650 lustificati
1548 1606 1589 1650 ex
1621 1586 1688 1652 lide
1721 1607 1837 1671 pacem
1869 1585 2040 1653 habemns.
2096 1591 2192 1657 Haeo

182 1684 396 1757 peccatorum
423 1672 509 1738 inter
536 1692 652 1738 omnes
673 1685 803 1760 gentes.
847 1670 891 1736 Bt
919 1670 961 1735 de
981 1669 1035 1735 his
1057 1681 1162 1734 terro·
1214 1669 1297 1734 lides
1327 1671 1541 1756 consequitur
1565 1674 1794 1739 remissionem
1822 1685 2047 1756 peccatorum.
2098 1675 2192 1742 llaec

182 1758 276 1824 ribus
305 1754 660 1843 loquiturscriptura,
686 1769 724 1824 vt
744 1756 868 1824 Psalm.
886 1757 1011 1840 xxxvij.
1051 1754 1162 1828 Quon·
1194 1755 1299 1820 «fides
1321 1756 1479 1822 iustificat
1500 1777 1616 1823 coram
1637 1757 1730 1839 Deo,
1753 1772 1789 1825 vt
1811 1760 1898 1824 idem
1920 1757 2017 1826 locas
2038 1762 2191 1842 testatn'r,

181 1843 247 1908 iam
289 1844 333 1908 ini
359 1845 479 1909 uitates
526 1863 620 1910 meae
661 1863 906 1931 supergressae
944 1853 1023 1907 sunt
1062 1850 1163 1924 caput
1214 1841 1386 1907 iustificati
1416 1862 1458 1907 ex
1481 1843 1556 1909 fide.
1606 1845 1699 1909 Haec
1727 1844 1812 1909 fides
1840 1848 1987 1910 ostendit
2013 1849 2191 1914 discrimen

182 1949 308 2008 meum,
376 1931 445 1994 icut
476 1950 562 1997 onus
595 1950 715 2016 greum
755 1941 915 2018 grauatae
951 1939 1029 1993 sunt
1061 1946 1164 2012 super
1213 1929 1299 1992 inter
1329 1929 1572 1995 contricionem
1599 1929 1700 1994 iudae
1727 1943 1760 1995 et
1787 1930 1895 2009 Petri,
1923 1931 2036 1998 Saulis
2066 1945 2100 1998 et
2122 1934 2191 2000 Da·

95 2091 102 2100 ,
183 2036 236 2081 me
257 2026 321 2079 etc.
375 2012 531 2081 Afflictus
565 2036 641 2082 sum
669 2028 703 2081 et
728 2013 920 2081 humiliatus
952 2032 1026 2078 sum
1055 2013 1163 2096 nimis,
1213 2014 1311 2079 nidis.
1356 2015 1435 2080 ldec
1463 2016 1563 2082 ludae
1591 2027 1649 2081 aut
1671 2014 1781 2083 Saulis
1810 2019 1973 2083 contricio
2002 2039 2070 2084 non
2092 2021 2192 2103 prod·

181 2099 369 2188 Rugieham
390 2123 412 2166 a
432 2104 555 2188 gemitu
583 2102 697 2168 cordis
724 2104 798 2168 mai.
841 2099 884 2166 Et
906 2098 996 2164 Psal.
1016 2099 1059 2164 vi.
1103 2096 1163 2162 hli-
1214 2112 1278 2179 est,
1300 2101 1378 2186 quia
1398 2121 1466 2165 non
1489 2103 1621 2168 accedit
1642 2105 1771 2168 adeam
1792 2101 1878 2169 haec
1899 2102 1985 2169 fides
2005 2103 2192 2190 apprehen·
2320 2102 2324 2110 ’

183 2207 300 2253 serere
319 2188 392 2251 mei.
405 2188 550 2267 domine,
572 2188 986 2274 quoniaminlirmuasum,
1008 2184 1163 2250 Sanane
1214 2186 1297 2250 dens
1334 2188 1564 2254 remissionem
1601 2201 1816 2272 peccatorum
1860 2190 2016 2255 donatam
2052 2204 2192 2277 propter

183 2273 335 2352 domine,
367 2275 522 2358 quoniam
555 2275 753 2341 conturbata
781 2283 860 2339 sont
885 2291 966 2336 ossa
997 2290 1088 2350 mea,
1119 2268 1163 2334 Et
1214 2271 1394 2338 Christum.
1443 2273 1522 2339 ldeo
1555 2275 1695 2359 prodest
1726 2273 1866 2341 Dauidis
1900 2288 1957 2340 aut
1987 2273 2078 2341 Petri
2111 2298 2191 2343 con·

183 2361 291 2425 anima
313 2378 388 2424 mea
408 2361 542 2425 turbata
563 2369 617 2427 est
636 2357 753 2440 valde,
781 2359 825 2423 Et
844 2369 880 2424 tu
902 2358 1033 2423 domine
1054 2374 1162 2441 vsque
1213 2359 1322 2436 tuicio,
1343 2361 1422 2444 quia
1443 2359 1487 2424 ad
1508 2359 1677 2427 camlides
1698 2361 1841 2439 accedit,
1863 2361 2118 2446 apprehendens
2139 2383 2191 2427 ra·

204 2445 272 2513 uo?
321 2444 365 2509 Et
395 2442 518 2513 Esaiae
551 2446 699 2528 xxxviij.
755 2445 829 2531 Ego
861 2444 930 2510 dixi
962 2444 995 2509 in
1028 2441 1161 2508 dimidio
1212 2445 1404 2511 missionem
1427 2457 1643 2528 peccatorum
1670 2446 1827 2512 donatam
1854 2459 1990 2532 propter
2011 2446 2190 2515 Christum.
2254 2439 2279 2509 Γ

180 2466 305 2598 dierum
337 2550 487 2597 meorum
518 2532 641 2597 vadam
668 2532 718 2597 ad⁴
740 2545 863 2617 portas,
883 2527 990 2595 inseri.
1040 2528 1162 2614 Spera·
1212 2528 1284 2595 Nec
1354 2532 1404 2595 ’ns
1430 2530 1565 2598 dilectio
1585 2532 1701 2610 adest,
1731 2552 1830 2618 qnam
1857 2534 1901 2599 sit
1928 2532 2019 2599 iacta
2046 2533 2113 2598 lide
2140 2555 2193 2600 re·

179 2617 257 2683 ham
279 2617 449 2702 usquead
471 2636 577 2683 ruane.
608 2616 713 2690 Quasi
734 2616 791 2682 leo
810 2617 861 2681 sic
878 2614 1034 2682 contriuit
1051 2613 1162 2678 omnia
1213 2550 1414 2682 eoncthddo.
1459 2616 1532 2681 Lex
1559 2619 1646 2682 enim
1675 2639 1742 2682 non
1769 2618 1807 2683 fit
1829 2620 1903 2683 sino
1924 2617 2078 2699 Christo,
2098 2623 2192 2687 iuxta

178 2722 263 2769 ossa
283 2722 368 2767 mea.
413 2701 450 2767 ln
466 2701 521 2767 his
537 2704 721 2770 terroribus
738 2703 840 2769 sentit
856 2702 1063 2770 conscientia
1079 2700 1162 2763 iram
1212 2699 1303 2767 illud.
1348 2701 1414 2766 Per
1436 2699 1604 2768 Christum
1626 2704 1787 2770 hahemus
1808 2725 1984 2770 accessum
2004 2707 2049 2771 ad
2062 2704 2190 2771 rIieuru.

179 2787 244 2854 Dei
275 2789 442 2854 aduersus
467 2801 658 2872 paccatum,
693 2809 780 2876 quae
809 2802 863 2855 est
888 2791 1005 2876 ignota
1031 2786 1161 2853 securis
1212 2786 1255 2853 Et
1275 2788 1361 2853 hacc
1388 2787 1473 2854 tides
1501 2786 1659 2875 paulatim
1679 2792 1821 2869 crescit,
1851 2801 1885 2855 et
1906 2810 2119 2876 peromnem
2142 2793 2190 2857 vi·

174 2873 367 2941 hominihus
395 2876 579 2942 secundnm
607 2895 742 2942 carnem
762 2873 1016 2942 ambulantibus.
1059 2870 1162 2936 Videt
1213 2884 1280 2939 tam
1306 2873 1455 2939 luctatur
1481 2885 1735 2959 compescam,
1762 2887 1799 2941 vt
1820 2877 1933 2942 vincat
1959 2891 2134 2961 peccatum
2157 2885 2191 2942 et

177 2963 310 3044 peccati
337 2960 589 3045 turpitudinem,
617 2973 652 3027 et
678 2962 769 3027 serio
800 2959 891 3026 dolet
917 2980 957 3025 se
984 2976 1161 3046 peccasse,
1211 2972 1362 3025 mortem.
1407 2956 1584 3027 Caeterum
1607 2960 1707 3025 iidem
1728 2963 1879 3046 sequitur
1901 2958 2053 3041 dilectio,
2075 2974 2113 3027 vt
2134 2982 2190 3026 su·

178 3046 277 3112 etiam
307 3042 543 3133 iugitinterim
563 3044 759 3112 horribilem
782 3049 865 3115 iram
887 3046 969 3125 Dei,
990 3048 1069 3131 quia
1091 3062 1160 3108 non
1211 3045 1446 3131 prediximus.
1489 3046 1531 3112 Et
1553 3046 1603 3112 sic
1624 3044 1716 3112 clare
1738 3048 1865 3113 deliniri
1886 3058 1999 3133 potest
2012 3046 2130 3133 ,filialis
2153 3049 2191 3112 ti·

177 3142 291 3217 poteat
318 3151 391 3197 eam
419 3133 585 3198 sustinere
611 3133 757 3198 humana
777 3143 915 3210 natura,
944 3132 1009 3196 nisi
1030 3141 1160 3196 susten·
1211 3153 1302 3212 mor,
1322 3129 1399 3197 talis
1422 3153 1528 3216 pauor
1549 3131 1606 3218 qui
1628 3153 1702 3199 cum
1725 3131 1792 3197 lide
1813 3135 2010 3199 coniunctus
2032 3144 2102 3214 est,
2124 3132 2191 3199 hoc

178 3229 267 3284 tetur
298 3218 404 3282 verbo
424 3215 500 3284 Dei.
549 3217 599 3283 lta
617 3214 744 3285 Paulus
770 3220 835 3298 ait,
862 3216 931 3283 Per
950 3214 1060 3303 legem
1092 3213 1159 3301 legi
1211 3227 1276 3296 est,
1298 3219 1354 3284 vbi
1375 3216 1461 3283 fides
1482 3217 1678 3286 consolatur
1698 3230 1732 3284 et
1752 3231 1919 3286 sustentat
1942 3220 2098 3307 pauidum
2119 3239 2189 3285 cor.

176 3315 330 3371 mortuus
348 3323 434 3369 aum.
479 3302 551 3369 Lex
573 3305 660 3369 enim
686 3313 813 3371 mamm
833 3314 972 3370 accusat
999 3313 1032 3368 et
1055 3313 1159 3368 terret
1210 3302 1352 3380 &milis
1383 3305 1498 3383 timor,
1526 3306 1584 3371 vbi
1614 3303 1701 3371 hdes
1732 3324 1802 3371 non
1835 3316 2002 3372 sustentat
2034 3305 2191 3390 pauidum

176 3390 412 3456 conscientias.
439 3390 478 3454 ln
498 3389 552 3455 his
571 3389 756 3456 terroribus
776 3391 960 3472 aduersarii
982 3392 1090 3455 nostri
1111 3387 1159 3452 ni·
1211 3411 1281 3457 cor.

176 3473 290 3543 hilde
317 3475 384 3541 lide
406 3475 537 3555 dicunt,
569 3474 616 3541 lta
645 3485 773 3541 tantuna
793 3487 987 3562 proponunt
1007 3478 1161 3554 verbum,
1297 3474 1405 3541 Porro
1432 3485 1585 3560 potestas
1614 3473 1756 3542 clauium
1782 3477 1989 3542 administrat
2013 3480 2045 3552 4)
2073 3486 2107 3541 et
2133 3495 2190 3541 ex·

200 3565 267 3628 uod
300 3563 410 3647 arguit
439 3574 591 3648 peccata.
635 3560 734 3636 Quod
767 3581 842 3628 aum
868 3558 978 3627 solum
1005 3562 1159 3639 traditur,
1209 3561 1303 3627 hibet
1324 3558 1544 3647 Euangelium
1566 3582 1627 3646 per
1637 3559 1903 3640 Absolutionem,
1924 3580 2011 3645 quae
2032 3572 2085 3626 est
2106 3580 2189 3629 vera

177 3583 328 3716 doctrina
353 3646 441 3734 legia
466 3659 537 3726 cst,
569 3667 638 3712 non
663 3644 851 3736 Euangelij.
893 3646 955 3713 His
988 3644 1160 3713 doloribus
1210 3669 1278 3714 vox
1304 3646 1399 3712 Euan
1425 3646 1501 3725 eli',
1525 3646 1575 3711 lta
1598 3658 1631 3710 et
1658 3645 1903 3712 absolutionem
1925 3643 2185 3731 complectimur,

176 3753 219 3801 ac
246 3734 431 3800 terroribus
463 3733 576 3799 dicunt
607 3731 760 3800 homines
787 3734 908 3800 mereri
941 3736 1099 3821 gratiam,
1128 3731 1160 3795 si
1210 3754 1285 3800 cum
1307 3734 1350 3798 de
1370 3669 1437 3797 fida
1459 3668 1615 3809 dicimus,
1642 3731 1719 3815 qnia
1745 3731 1839 3795 fides·
1857 3744 1911 3798 eet
1931 3753 1973 3798 ex
1995 3733 2125 3810 auditu,
2151 3742 2209 3813 rt,

440 3885 451 3902 ,
1209 3821 1256 3884 ait
1283 3815 1418 3884 Paulus.
1463 3816 1547 3882 Nam
1577 3818 1690 3881 audito
1713 3816 1916 3903 Euangelio,
1946 3818 2058 3884 audita
2086 3821 2187 3883 abso·

177 3902 386 3924 “““““““
1209 3902 1357 3984 latione,
1390 3903 1530 3989 erigitur
1563 3914 1597 3968 et
1629 3903 1773 3988 concipit
1811 3901 2074 3970 consolationem
2107 3924 2188 3970 con·

245 4021 909 4156 insumimus
929 4022 1159 4141 secia
1209 3988 2187 4150 {tectaarilia,‘'tractu“iaaica

246 4159 301 4213 Sed
322 4176 371 4210 nos
398 4161 442 4212 hic
468 4107 580 4211 dohendi
608 4173 699 4223 aues,
729 4106 928 4224 poenitenci'auil
944 4166 1026 4210 mtau
1048 4174 1158 4210 conum·
1210 4160 1304 4227 fflud,
1345 4160 1411 4235 Qui
1432 4180 1497 4228 po.
1517 4160 1609 4227 audit
1653 4182 1708 4228 Μ
1737 4162 1838 4227 audit,
1883 4098 1997 4235 0¹:10„
2023 4122 2101 4228 paci
2127 4163 2186 4225 ab.

245 4230 547 4350 {fufiffigfflssimffl
567 4229 826 4350 ffiffimdssffi
844 4229 1157 4351 ffiffimmffiffi
1208 4245 1384 4325 soluentis,
1405 4267 1473 4312 non
1495 4266 1596 4314 secus
1615 4208 1661 4314 'aaa
1682 4249 1758 4312 voci
1781 4249 1823 4313 de
1845 4240 1941 4314 coelo
1958 4248 2093 4313 sonanti
2113 4255 2186 4312 cre·
2244 4299 2248 4307 .

246 4382 306 4418 nem
324 4375 351 4417 0,
367 4337 453 4419 ΕΜ·
1208 4334 1352 4399 dendum
1371 4344 1433 4398 est.
1457 4332 1501 4398 lit
1516 4331 1694 4401 Absolutio
1711 4335 1845 4418 proprie
1861 4335 1926 4400 dici
1948 4344 2060 4417 potest
2072 4351 2186 4398 sacra·

195 4454 224 4520 ¹>
243 4452 823 4591 issiamimmmm
844 4479 878 4588 (τ,
901 4453 1156 4574 mamm
1208 4416 2187 4591 astuciam”attr.⁸m²it::¹ete

245 4590 458 4712 europaeque
482 4607 515 4642 ⁰⁶
536 4593 563 4642 θ’
587 4591 676 4644 ‘M'
698 4591 830 4643 cuidonis
849 4594 872 4641 ¹·
892 4537 1018 4658 gaspar,
1035 4592 1110 4644 Μ
1130 4593 1159 4642 ¹³⁸
1207 4593 1397 4658 tacionibns
1419 4589 1643 4676 multipliciter
1664 4589 1763 4659 alitur
1783 4589 2029 4678 perliuangelij
2052 4603 2187 4657 senten·

245 4659 405 4798 ffim‘g
422 4657 613 4782 mm?
625 4659 838 4797 ffi“ffl3
852 4678 886 4782 ἃ
898 4660 1159 4781 wffiffl
1209 4679 1292 4757 cias,
1310 4690 1344 4744 ct
1365 4698 1426 4763 per
1447 4698 1544 4744 veum
1555 4688 1851 4743 sacramentorum.
1885 4676 1979 4744 Haec
1999 4678 2086 4745 enim
2107 4686 2186 4742 sunt

238 4793 295 4864 sp·
315 4799 359 4849 p,
379 4799 411 4849 4,
436 4799 479 4849 p,
503 4798 615 4849 tto-ts.
644 4801 682 4852 ὁ,
701 4797 810 4852 „pa-,m
839 4799 983 4849 commu.
1018 4797 1074 4850 sp,
1094 4798 1158 4851 dici-
1207 4765 1307 4851 signa
1325 4763 1411 4829 noni
1437 4763 1647 4842 tastamenti,
1674 4764 1742 4829 hoc
1762 4774 1834 4843 est,
1857 4763 1956 4849 signa
1976 4763 2186 4830 remissionis
2299 4802 2302 4807 -

245 4881 303 4916 mus
321 4867 510 4917 contricionem
527 4881 583 4917 esse
606 4881 684 4919 veros
707 4868 813 4919 delores
835 4875 862 4918 ct
884 4876 998 4918 terrorsa
1022 4869 1157 4919 couscien-
1207 4848 1460 4935 pecodiomm0⁰
1488 4847 1639 4915 Offemili
1675 4848 1776 4934 igitur
1806 4849 2038 4916 remissionem
2067 4868 2187 4934 pecca·

245 4936 313 5017 tiae,
335 4948 403 5000 qaae
419 4935 506 4987 Deum
522 4935 602 4986 rencs
623 4937 703 4988 irasci
724 4944 842 5003 peccato.
878 4937 914 4986 iit
936 4935 1004 4987 baec
1028 4937 1156 4988 contricio
1207 4947 1336 5016 comm,
1357 4936 1445 5001 sicut
1466 4934 1558 5003 olm
1578 4944 1745 5001 wanntur
1766 4937 1871 5001 verba
1892 4954 2018 5002 coenae
2038 4934 2185 5001 Domini.

245 5011 284 5055 rta
300 5003 338 5067 lit,
355 5004 460 5070 qundo
477 5004 558 5055 rerho
576 5003 628 5056 Dei
644 5012 788 5070 arguamur
804 5009 924 5069 peccata,
945 5005 1009 5071 quis
1030 5004 1095 5056 hacc
1119 5011 1159 5056 eat

245 5071 353 5124 tunna
373 5073 531 5139 pradicatloa
552 5071 634 5140 (cccl.
656 5088 734 5141 upra
755 5088 781 5139 p.
806 5073 857 5124 808
913 5107 920 5123 .
947 5080 971 5126 d
991 5089 1019 5139 p.
1043 5076 1094 5124 ⁴01
1117 5089 1157 5140 sq.
1210 5111 1413 5126 ...n-...-

245 5139 753 5212 noa·),tapeacrnadt,psmdo
775 5089 936 5195 heagha
959 5141 993 5194 oh
1015 5142 1157 5211 illitds’ffa-

243 5210 327 5279 m).
602 5216 605 5222 “
1225 5208 1552 5277 ³)remittantur11ditt.
1570 5211 1662 5263 Η.
1680 5211 1846 5264 amittuntur

194 5295 226 5364 i)
242 5295 313 5364 neol
331 5295 383 5350 Ed.
400 5294 441 5348 iim
458 5298 514 5348 slus
1226 5292 1781 5364 4)acmntarat11sdt.=admtramua
