4756 6194
188 457 256 525 rae
308 464 316 472 ·
356 443 392 477 ''
540 457 579 523 n
622 454 856 523 aroucam
877 424 1201 523 concussionis
1222 450 1534 521 sucusrnura
1582 452 1625 518 n.
1668 451 1857 521 aarum.
2140 453 2208 521 rae

191 646 272 731 quit.
289 648 342 723 ¹³)
379 645 456 711 Non
479 657 529 710 est
547 665 630 730 ergo
653 645 760 708 anima
782 645 823 708 ud
847 643 1022 729 imaginem
1044 639 1122 721 Dei,
1139 644 1174 706 in
1226 640 1358 706 debitae
1378 640 1527 705 iusticias
1549 643 1706 733 carentia,
1723 645 1774 718 Η)
1797 640 1839 706 Et
1860 642 1971 707 invna
1993 644 2133 707 istarum
2154 662 2207 708 re·

191 751 257 817 qua
279 727 376 795 Deus
398 752 467 797 non
488 751 622 815 semper
644 741 713 807 est,
730 727 774 794 Et
796 727 921 794 Paulus
940 729 986 793 ud
1006 725 1173 814 Ephesios
1226 727 1443 812 sponsionum
1476 726 1656 792 includitur
1681 723 1797 790 altera.
1850 726 1938 791 ldem
1973 727 2080 791 sensit
2107 728 2207 813 Hugo

192 828 227 881 et
259 813 484 882 Colossenses
519 816 664 881 ostendit
692 816 868 901 imaginem
900 812 984 892 Dei,
1017 815 1175 879 noticiam
1227 833 1301 878 cum
1323 814 1380 891 ait,
1404 809 1575 900 Originale
1595 824 1769 896 peccatum
1797 829 1894 891 esse,
1926 813 2146 897 ignorantiam
2174 814 2210 878 in

191 902 257 969 Dei
280 921 376 981 esse,
398 903 561 967 iusticiam
590 913 624 965 et
653 901 835 967 veritatem.
878 899 951 964 Nec
976 899 1174 985 Langobar·
1226 911 1349 978 mente,
1373 908 1406 961 et
1429 898 1731 981 concupiscentiam
1754 898 1787 961 in
1811 918 1923 976 carue,
1937 898 2111 983 Significat
2123 901 2210 965 enim

192 991 257 1054 dus
280 998 413 1053 veretur
433 988 556 1066 dicere,
578 986 669 1072 quod
693 987 823 1053 iusticia
845 985 1003 1070 originis,
1030 987 1074 1051 sit
1099 989 1109 1049 i
1134 1005 1173 1050 sa
1227 1005 1291 1049 nos
1314 995 1495 1048 nascentes
1519 984 1638 1048 afferre
1659 983 1907 1069 ignoraciorrem
1928 981 2010 1063 Dei,
2033 983 2209 1050 increduli·

193 1070 372 1139 similitudo
389 1071 471 1152 Dei,
494 1093 580 1157 quae
602 1070 726 1137 homini
748 1074 851 1137 indite
868 1084 922 1136 est
943 1092 963 1135 a
984 1068 1070 1135 Deo.
1141 1091 1174 1159 e-
1228 1081 1340 1147 tutem,
1363 1066 1597 1147 diffidendum,
1621 1079 1854 1152 contemptum,
1878 1071 1986 1134 odium
2008 1068 2083 1135 Dei.
2116 1069 2212 1136 Haec

193 1160 332 1224 citamus
359 1170 506 1223 veterum
535 1157 743 1235 sentencias,
770 1177 858 1242 quae
886 1154 966 1220 nihil
995 1156 1175 1241 impedimrt
1228 1157 1314 1220 enim
1349 1152 1546 1238 complexus
1579 1166 1648 1230 est,
1681 1176 1755 1219 cunr
1791 1155 2020 1240 ignoranciam
2052 1157 2210 1222 nominet.

192 1244 370 1329 Augustini
392 1244 698 1328 interpretationem
722 1243 763 1307 de
784 1243 940 1346 imagine.
1227 1241 1271 1306 Et
1292 1241 1358 1305 hae
1380 1241 1571 1321 sentenciae
1594 1242 1899 1315 consenciuntcum
1916 1241 2104 1326 scriptume,
2125 1241 2212 1307 Nam

278 1329 395 1414 ltaque
425 1342 522 1394 vetus
552 1327 715 1405 divinitio,
751 1348 826 1392 cum
855 1328 977 1410 rnquit,
1000 1337 1175 1411 peccatum
1229 1324 1354 1391 Paulus
1377 1328 1542 1391 interdum
1566 1346 1729 1410 expresse
1752 1327 1898 1390 nominet
1921 1325 2097 1398 defectum,
2119 1340 2156 1392 vt
2180 1329 2210 1392 l.

193 1415 461 1480 cssecarentiam
479 1413 789 1489 iustitiae,detr‹rhit
807 1433 875 1476 non
890 1410 1000 1477 solum
1019 1414 1176 1478 obedien·
1228 1411 1378 1478 Corinth.
1402 1414 1436 1493 ij.
1483 1411 1644 1477 Animalis
1666 1412 1765 1476 homo
1788 1431 1856 1475 non
1878 1413 2020 1497 percipit
2042 1432 2098 1492 ea,
2123 1434 2211 1499 quae

193 1503 272 1566 tiam
293 1496 484 1565 inferiorum
508 1497 804 1577 vitiumhominis,
828 1500 1009 1563 sedetiam
1034 1498 1176 1563 detrahit
1228 1499 1365 1563 s‘ritus
1392 1497 1456 1562 Dei
1484 1510 1571 1575 sunt.
1615 1496 1704 1562 Alibi
1734 1499 2037 1581 concupiscentiam
2064 1502 2213 1565 nominat

192 1586 349 1650 noticiam
366 1584 444 1661 Dei,
466 1584 621 1650 fiduciam
644 1604 725 1669 erga
741 1583 862 1661 Deum,
875 1584 1024 1649 timorem
1043 1597 1076 1648 et
1086 1605 1175 1649 aruo·
1228 1606 1247 1650 c
1277 1585 1400 1648 'cacem
1422 1585 1456 1647 in
1479 1585 1653 1662 membris,
1677 1593 1710 1647 et
1731 1585 1914 1668 parientem
1937 1581 2045 1647 malos
2067 1580 2210 1649 fructus.

194 1691 265 1736 rem
297 1669 383 1750 Dei,
416 1683 474 1735 aut
506 1682 598 1734 certe
630 1671 696 1733 vim
727 1670 792 1733 ista
825 1667 991 1734 efficiendi
1020 1669 1176 1734 detrahit.
1228 1667 1348 1734 Plures
1377 1668 1475 1735 locos
1505 1665 1608 1734 citare
1645 1671 1687 1732 de
1718 1681 1859 1755 utraque
1887 1683 1984 1754 parte
2022 1689 2212 1752 possemus,

193 1757 278 1820 Nam
307 1769 339 1821 et
368 1758 433 1841 ipsi
459 1754 610 1841 theologi
638 1757 672 1819 in
696 1752 823 1820 scholis
850 1755 984 1820 tradunt
1015 1757 1081 1820 ista
1107 1774 1176 1818 non
1228 1757 1287 1820 sed
1310 1755 1343 1819 in
1367 1776 1404 1819 re
1426 1752 1604 1819 manifesta
1625 1752 1708 1819 nihil
1733 1775 1818 1837 opus
1842 1766 1894 1818 est
1916 1756 2124 1841 testimonijs.
2169 1753 2212 1821 Et

194 1839 284 1906 effici
319 1844 392 1906 sine
421 1843 522 1907 certis
557 1841 672 1919 donis,
702 1852 734 1904 et
763 1839 886 1906 auxilio
920 1839 1059 1924 gratiae.
1102 1841 1176 1904 Nos
1227 1839 1326 1906 facile
1348 1841 1496 1905 iudicare
1516 1842 1637 1925 poterit
1664 1843 1812 1925 prudens
1834 1839 1943 1904 lector
1964 1841 2027 1905 has
2052 1863 2118 1906 non
2141 1852 2212 1906 tan·

192 1929 268 2012 ipse
292 1929 380 1992 dona
400 1928 627 2004 nominamus,
655 1936 691 2005 vt
714 1946 769 1991 res
797 1924 937 2013 intelligi
990 1929 1091 2005 ussit,
1117 1946 1177 1990 nu·
1228 1940 1297 1992 tunr
1320 1923 1436 2010 culpas
1454 1923 1603 1991 actuales
1632 1946 1727 2004 esse,
1756 1927 1830 1989 sine
1851 1938 1940 1991 metu
1969 1926 2049 2000 Dei,
2077 1938 2111 1992 et
2138 1927 2212 1993 sine

193 2013 304 2077 ticiam
321 2011 405 2091 Dei,
435 2013 584 2077 timorem
613 2023 647 2076 et
674 2010 827 2077 fiduciam
855 2033 936 2097 erga
997 2033 1082 2077 eum.
1126 2011 1178 2076 Ex
1228 2013 1294 2077 [ide
1316 2031 1403 2076 esse.
1448 2011 1534 2076 Sunt
1555 2014 1641 2076 euim
1661 2009 1831 2076 durabiles
1854 2010 2007 2076 defectus
2034 2014 2067 2076 in
2090 2025 2212 2078 nature

193 2099 246 2163 his
269 2109 408 2184 apparet
431 2111 576 2163 veterem
598 2097 822 2189 definitionem
853 2118 995 2182 prorsus
1023 2098 1108 2162 idem
1131 2097 1178 2163 dl·
1229 2120 1296 2163 uon
1319 2108 1491 2162 renouata.

195 2203 272 2250 cere
294 2186 384 2269 quod
407 2203 470 2248 nos
493 2183 653 2260 dicimus,
677 2182 890 2248 detrahentes
913 2195 1035 2248 metum
1056 2182 1121 2248 Dei
1144 2196 1178 2248 ct
1314 2178 1404 2247 Nihil
1425 2183 1525 2267 igitur
1547 2185 1589 2246 de
1611 2196 1750 2267 peccato
1774 2183 1922 2268 Originis
1941 2184 2102 2247 sentimus
2131 2182 2211 2249 alie·

193 2268 369 2347 fiduciam,
391 2266 547 2333 videlicet
569 2289 637 2333 non
659 2278 757 2333 actus
781 2280 927 2350 tantum,
950 2269 1011 2334 sed
1034 2270 1123 2334 dona
1145 2281 1179 2332 et
1228 2290 1318 2348 num,
1339 2279 1397 2333 aut
1418 2288 1439 2332 a
1461 2270 1638 2355 scriptura,
1661 2281 1717 2333 aut
1739 2289 1759 2331 a
1780 2267 1945 2333 catholica
1959 2267 2123 2346 Ecclesia,
2147 2270 2211 2334 sed

193 2357 260 2420 vim
281 2355 324 2420 ad
346 2356 432 2420 haec
453 2352 638 2420 efficienda
961 2372 976 2403 ν
1229 2355 1448 2442 grauissimas
1469 2355 1660 2420 sentencias
1682 2357 1869 2437 scripturae
1897 2366 1929 2419 et
1951 2353 2088 2419 Petrum
2111 2357 2210 2420 obru-

281 2441 406 2510 Eadem
435 2451 487 2505 est
514 2440 684 2503 sentencia
712 2438 932 2518 delinitionis,
965 2459 1052 2526 quae
1085 2450 1177 2504 extat
1228 2453 1282 2504 tas
1317 2437 1517 2522 sophisticis
1548 2440 1629 2504 rixis
1663 2438 1895 2524 theologorum
1930 2441 2130 2518 recentium,
2158 2461 2210 2504 rc·

193 2528 283 2612 apud
306 2527 538 2611 Augustinum,
561 2526 618 2608 qui
640 2521 726 2589 solet
750 2524 887 2590 delinire
914 2538 1090 2610 peccatum
1113 2526 1177 2589 ori·
1251 2544 1420 2611 urgemus,
1439 2537 1472 2589 et
1493 2527 1526 2589 in
1548 2523 1656 2590 lucem
1683 2527 1907 2604 restituimuS,
1938 2525 2023 2589 Nam
2051 2546 2106 2590 res
2135 2527 2211 2608 ipse

194 2613 282 2698 ginis
316 2611 619 2696 concupiscentiam
648 2630 737 2675 esse.
782 2609 957 2696 Significat
985 2613 1070 2674 enim
1099 2630 1176 2675 con·
1227 2549 1385 2697 loquitur,
1402 2612 1608 2676 recentiores
1631 2608 1809 2696 theologos
1832 2632 1900 2676 non
1923 2611 2211 2691 animaduertisse,

193 2697 430 2782 cupiscentiam
441 2696 651 2761 successisse
662 2698 787 2761 amisse
798 2697 942 2761 iusticia.
976 2696 1177 2782 Nameegra
1228 2700 1308 2783 quid
1336 2693 1502 2761 voluerint
1530 2695 1647 2762 Patrcs
1681 2699 1722 2762 de
1757 2694 1889 2763 defectu
1917 2694 2103 2784 loquentes.
2147 2694 2210 2762 &t

165 2794 313 2849 ¹natura
341 2784 416 2868 quia
446 2802 514 2847 uon
543 2795 657 2864 potest
690 2780 798 2847 Deum
827 2783 942 2846 timere
971 2794 1003 2845 et
1026 2778 1176 2866 diligere,
1228 2794 1337 2849 autem
1359 2782 1552 2846 necessaria
1580 2783 1724 2868 cognitio
1748 2783 1879 2866 peccati
1910 2784 2065 2867 originis,
2092 2781 2211 2867 Neque

191 2868 268 2934 Deo
298 2869 453 2943 credere,
483 2869 611 2952 quaerit
638 2878 672 2930 et
698 2880 788 2932 amat
815 2865 973 2932 carnalia.
1017 2865 1176 2931 ludicium
1228 2871 1313 2934 enim
1336 2878 1449 2951 potest
1471 2864 1612 2955 intelligi
1634 2869 1826 2953 magnitudo
1849 2870 1977 2954 gratiae
1993 2866 2128 2950 Christi,
2145 2867 2211 2932 nisi

192 2952 276 3032 Dei,
304 2964 362 3019 aut
383 2972 504 3019 secure
524 2953 721 3029 contemnit,
750 2965 809 3017 aut
832 2953 900 3017 odit
922 2950 1175 3036 perterrefacta,
1227 2955 1353 3018 morbis
1392 2955 1518 3017 nostris
1551 2954 1705 3039 cognitis.
1761 2953 1847 3018 Tota
1886 2953 2027 3017 hominis
2065 2953 2210 3033 iusticia,

192 3039 243 3102 lta
264 3050 298 3104 ot
321 3035 486 3103 defectum
508 3034 740 3121 complectitur
761 3039 990 3128 Augustinus,
1018 3048 1051 3102 ct
1071 3038 1176 3103 vicio·

1200 3023 1205 3077 l
1227 3059 1319 3104 mera
1341 3049 1393 3104 est
1413 3037 1603 3123 hypocrisis
1626 3060 1741 3104 coram
1756 3037 1852 3118 Deo,
1880 3039 1945 3103 nisi
1973 3038 2210 3187 agnouerimus

193 3145 266 3189 srm
294 3123 442 3190 habitum
476 3125 532 3208 qui
559 3125 746 3200 successit,
772 3123 890 3207 Neque
917 3145 999 3189 vero
1022 3123 1175 3206 concupi·

1228 3145 1289 3190 cor
1309 3122 1503 3189 naturaliter
1525 3145 1648 3191 vacare
1670 3144 1801 3200 amore,
1834 3126 1969 3203 timore,
2015 3123 2111 3188 ducia
2132 3122 2209 3188 Dei.

192 3211 324 3274 scentia
356 3220 482 3274 tantum
509 3209 678 3292 corruptio
705 3207 900 3293 qualitatum
931 3209 1083 3293 corporis
1110 3220 1174 3287 est,
1199 3096 1205 3267 A
1227 3211 1307 3276 ldeo
1336 3207 1506 3294 Propheta
1538 3212 1664 3296 inquit,
1697 3211 1880 3296 Postquam
1914 3209 2087 3274 ostendisti
2118 3206 2209 3288 mihl,

192 3295 262 3360 Sed
280 3295 379 3359 etiam
400 3313 505 3378 praua
528 3295 705 3359 conuersio
728 3295 770 3359 ad
795 3292 941 3361 carnalia
963 3296 997 3358 in
1026 3295 1176 3379 superio·
1200 3287 1206 3425 'l
1227 3298 1380 3382 percussi
1400 3297 1508 3362 femur
1534 3317 1659 3375 meum,
1687 3296 1778 3362 ltem.
1798 3300 1849 3371 ¹²)
1888 3295 1963 3381 Ego
1997 3295 2062 3360 dixi
2090 3295 2124 3359 iu
2153 3313 2209 3359 ex·

125 3434 126 3437 ,
191 3381 286 3446 ribus
317 3380 461 3456 viribus,
490 3378 563 3444 Nec
589 3379 703 3443 vident
731 3381 810 3464 quid
840 3380 971 3459 dicant,
998 3382 1053 3466 qui
1075 3377 1176 3447 simul
1200 3440 1204 3461 ,
1228 3400 1327 3448 cessrr
1351 3402 1436 3453 meo,
1460 3381 1576 3446 Omnis
1599 3380 1700 3448 homo
1723 3383 1877 3461 mendax,
1898 3382 1932 3447 id
1950 3393 2014 3459 est,
2032 3401 2099 3446 non
2117 3390 2210 3445 recte

192 3467 341 3531 tribuunt
363 3464 485 3529 homini
516 3465 821 3549 concupiscentiam
850 3485 917 3529 nou
946 3466 1175 3531 mortificatam
1227 3469 1384 3532 senciens
1407 3469 1449 3533 de
1471 3465 1560 3532 licor

192 3572 213 3615 a
235 3552 352 3637 spiritu
375 3561 504 3633 sancto,
527 3564 559 3615 et
580 3548 790 3616 dilectionem
811 3549 875 3615 Dei
897 3570 1000 3634 super
1023 3552 1144 3616 omnia.
1313 3553 1377 3622 llic
1399 3554 1443 3617 lle
1469 3549 1767 3635 ellantaduersarij
1792 3553 1888 3616 etiam
1911 3547 2092 3615 Lutherum
2116 3548 2208 3633 quod

278 3637 350 3701 Nos
372 3637 475 3723 igitur
496 3649 589 3701 recte
611 3638 837 3721 expressimus
866 3647 1032 3722 utrunque
1057 3638 1090 3701 ln
1119 3639 1175 3702 dc-
1226 3639 1421 3723 scripserit,
1445 3575 1627 3702 Peccatum
1649 3638 1788 3721 originis
1818 3656 1952 3700 manere
1973 3646 2051 3718 post
2078 3633 2208 3717 Baptis·

192 3724 374 3807 scriptione
390 3721 519 3805 peccati
533 3719 725 3806 Originalis,
743 3720 896 3788 videlicet
909 3720 1061 3788 delectus
1083 3718 1174 3800 illos,
1226 3745 1326 3801 mum,
1351 3724 1489 3786 Addunt
1510 3723 1599 3786 hunc
1622 3719 1796 3785 articulum
1819 3721 1889 3785 iure
1916 3722 2104 3786 damnatum
2128 3739 2208 3786 esse

191 3826 260 3871 nou
282 3827 386 3889 posse
408 3805 484 3871 Deo
513 3807 668 3883 credere,
696 3828 763 3870 non
797 3827 901 3892 posse
923 3805 1032 3872 Deum
1059 3811 1174 3872 timere
1227 3829 1248 3872 a
1269 3806 1383 3871 Leone
1405 3829 1437 3871 x.
1459 3808 1526 3872 Sed
1546 3805 1666 3870 Caesa.
1689 3804 1757 3871 Ma.
1778 3806 1810 3870 in
1833 3803 1986 3871 hocloco
2000 3801 2207 3870 manifestam

192 3912 234 3958 ac
267 3890 415 3976 diligere.
471 3890 551 3956 ltem
590 3891 716 3956 habere
748 3893 1054 3975 concupiscentiam
1088 3913 1174 3976 quae
1227 3891 1424 3958 calumniam
1446 3889 1679 3976 deprehendet.
1715 3890 1831 3956 Sciunt
1858 3893 1944 3955 errim
1966 3891 2149 3975 aduersarij
2173 3892 2208 3955 in

193 3978 342 4044 carnalia
364 3978 493 4061 quaerit
516 3988 632 4040 contra
654 3979 793 4042 uerbum
812 3975 889 4055 Dei,
899 3973 966 4039 hoo
988 3988 1051 4053 est,
1073 3996 1174 4062 quae·
1227 3998 1324 4063 quam
1347 3979 1550 4041 sentenciam
1572 3975 1739 4042 Luthcrus
1762 3979 1828 4042 hoc
1849 3978 1971 4043 dictum
1995 3974 2089 4054 velit,
2118 3976 2207 4061 quod

191 4064 236 4128 rit
255 4085 323 4129 non
347 4059 458 4127 solum
485 4060 677 4146 voluptates
705 4062 876 4146 corporis,
902 4062 963 4124 scd
996 4063 1095 4126 etiarn
1124 4081 1203 4125 sa.
1251 4075 1400 4129 eccatum
1433 4063 1570 4149 originis
1606 4061 1767 4148 reliquum
1807 4063 1849 4125 sit
1880 4075 1959 4147 post
1989 4061 2207 4146 Baptismum,

192 4150 348 4234 pientiam
370 4159 405 4213 et
424 4148 589 4211 iusticiam
611 4145 799 4227 carnalem,
825 4160 859 4212 et
882 4145 1017 4212 confidit
1038 4146 1092 4211 his
1118 4148 1174 4210 bo·
1227 4156 1366 4231 hemper
1385 4149 1430 4212 ita
1453 4150 1604 4232 scripsit,
1627 4148 1716 4233 quod
1739 4147 1930 4232 Baptismus
1959 4145 2053 4212 tollat
2078 4158 2207 4212 reatum

192 4237 263 4314 nis,
285 4246 504 4300 contemnens
526 4233 646 4311 Deum,
678 4233 795 4318 Neque
816 4229 926 4299 solum
948 4246 1093 4311 veteres,
1112 4227 1174 4297 s'ed
1226 4235 1356 4318 peccati
1378 4232 1563 4320 originalis,
1580 4236 1677 4298 etiam
1700 4235 1730 4296 si
1752 4230 1932 4313 materiale,
1952 4244 1985 4296 vt
2006 4235 2060 4297 isti
2071 4242 2206 4310 vocant,

191 4323 291 4385 etiam
313 4319 537 4395 recentiores,
566 4319 602 4383 Si
633 4319 789 4402 quisunt
812 4319 1026 4386 cordaciores
1053 4321 1175 4385 docent
1225 4321 1354 4406 peccati
1387 4334 1537 4397 maneat,
1576 4318 1732 4385 videlicet
1772 4319 2051 4402 concupiscentia.
2107 4318 2206 4382 Addi-

193 4404 293 4471 simul
320 4408 387 4469 ista
407 4424 490 4470 vere
517 4416 688 4486 peccatum
722 4405 862 4489 originis
891 4423 987 4482 esse,
1021 4402 1173 4469 desectus
1226 4407 1340 4485 dul-⁸)
1372 4407 1470 4470 etiam
1500 4408 1541 4470 de
1568 4402 1746 4482 materiali,
1781 4406 1869 4489 quod
1901 4405 2036 4468 siritus
2068 4415 2206 4468 sanctus

192 4491 359 4569 videlicet,
383 4510 470 4574 quos
499 4490 669 4567 recensui,
700 4502 733 4554 et
761 4491 1072 4574 concupiscentiam.
1117 4488 1174 4554 Sic
1226 4492 1325 4556 datus
1347 4510 1408 4577 per
1435 4490 1657 4576 Baptismum,
1681 4491 1795 4576 incipit
1822 4427 2022 4555 mortihcarc
2049 4489 2206 4572 concupi-

193 4579 280 4642 enim
303 4577 407 4661 iuquit
428 4573 591 4653 Thomas,
616 4575 794 4642 Peccatum
820 4576 957 4660 originis
979 4575 1082 4639 hebet
1108 4576 1173 4658 pri·
1225 4577 1404 4656 scentiam,
1437 4590 1470 4641 et
1499 4595 1607 4642 nouos
1639 4588 1752 4641 motus
1781 4588 1872 4640 creet
1898 4577 1932 4641 iu
1965 4573 2108 4640 homine.
2151 4575 2207 4640 Ad

193 4664 361 4728 ustionem
384 4658 558 4747 originalis
580 4662 742 4739 iusticiae,
765 4673 799 4726 et
821 4682 896 4725 cum
918 4659 985 4726 hoc
1006 4660 1175 4726 inordina·
1225 4664 1367 4728 eundem
1395 4664 1529 4729 modum
1560 4660 1705 4746 loquitur
1739 4673 1772 4725 et
1799 4661 2028 4745 Augustinus,
2062 4662 2117 4750 qui
2149 4662 2228 4737 aits·

195 4760 262 4813 tam
291 4745 541 4832 dispositionem
568 4752 709 4829 partium
737 4748 882 4825 animae,
910 4746 999 4811 vnde
1025 4766 1092 4811 non
1120 4755 1174 4810 cst
1224 4747 1405 4813 Peccatum
1428 4749 1462 4812 in
1484 4750 1656 4832 Baptismo
1678 4747 1871 4825 remittitur,
1900 4768 1967 4811 non
1989 4759 2026 4811 vt
2053 4765 2122 4811 non
2152 4746 2206 4830 sit,

217 4836 343 4900 riuacio
366 4852 468 4916 pura,
491 4832 561 4896 Sed
584 4831 715 4915 quidam
737 4831 871 4896 habitus
899 4843 1087 4914 corruptus.
1131 4828 1174 4896 Et
1225 4834 1287 4897 sed
1310 4846 1347 4897 vt
1368 4853 1436 4897 nou
1458 4834 1645 4919 imputetur.
1663 4837 1714 4907 ¹⁴)
1757 4832 1820 4896 llic
1842 4830 1952 4917 palam
1973 4831 2095 4897 latetur
2116 4850 2206 4911 esse,

193 4856 443 4993 lionauentura,
467 4915 550 4982 Cum
569 4917 739 5001 quaeritur
760 4917 838 5002 quid
861 4918 904 4982 sit
922 4914 1086 5002 originale
1098 4934 1173 5001 pec·

194 5017 316 5083 catum,
338 5014 432 5069 recte
452 5002 689 5086 respondetur,
716 5003 807 5086 quod
828 5003 873 5066 sit
900 5001 1174 5087 concupiscentia

193 5092 421 5158 immoderata.
466 5086 573 5152 Recte
604 5088 704 5152 etiarn
734 5089 975 5172 respondetur,
1009 5089 1098 5172 quod
1132 5087 1175 5153 sit
1229 5109 1274 5174 ιι)
1293 5106 1427 5174 aarum]
1445 5106 1527 5158 aare.
1546 5108 1637 5157 a-r.2
1656 5112 1796 5161 amentia.

1229 5194 1275 5259 12)
1294 5207 1393 5255 meum,
1411 5192 1498 5259 Item]
1518 5193 1598 5243 Edttt.
1616 5196 1708 5245 2—4.=
1726 5209 1820 5247 meum.
1848 5179 1922 5256 Item,

1230 5280 1274 5345 13)
1293 5279 1416 5347 Addidit]
1436 5281 1475 5331 tic
1492 5279 1575 5330 Edita
1596 5279 1685 5342 1-³.;
1704 5280 1754 5330 Ed.
1772 5282 1813 5331 t:
1831 5280 1915 5330 Addit

196 5367 242 5433 10)
260 5362 368 5431 lnquit]
387 5361 439 5412 Ed·
456 5361 498 5412 θα
515 5362 609 5428 lnquit,
949 5416 953 5425 ,
995 5432 998 5437 ¹
1228 5365 1274 5429 14)
1292 5363 1455 5431 imputatne]
1474 5366 1513 5417 tr'c
1528 5362 1612 5416 Editt.
1632 5363 1723 5426 l—d.;
1741 5364 1791 5419 lid.
1808 5368 1847 5416 4.;
1866 5371 2008 5431 reputetur.
