4756 6194
190 464 259 532 aee
543 462 583 528 n
626 458 860 528 aeouoora
881 430 1206 529 concussionis
1226 456 1530 527 nnsusrausa
1586 458 1628 524 a.
1672 457 1861 529 urnas.
2143 461 2211 528 aas

193 652 275 738 quit.
292 654 345 729 ¹³)
382 649 459 715 Non
482 661 533 714 est
551 669 633 735 ergo
656 649 764 712 anima
786 650 827 713 ad
851 648 1026 734 imaginem
1048 645 1126 727 Dei,
1143 650 1178 712 in
1230 647 1362 713 debitae
1382 643 1531 711 iusticiac
1553 649 1710 739 careptia,
1728 652 1778 725 Η)
1801 646 1843 712 Et
1864 648 1897 711 in
1909 670 1974 713 vna
1996 652 2136 717 istarum
2158 670 2210 715 re·

194 757 260 824 qua
282 733 379 801 Deus
402 757 470 801 non
491 755 626 820 semper
648 745 717 812 est,
734 732 778 798 Et
800 731 925 799 Paulus
944 734 990 798 ad
1010 732 1177 819 Ephesios
1230 733 1447 818 sponsionum
1479 731 1660 797 includitur
1685 730 1801 797 altera.
1854 733 1943 799 ldem
1976 737 2083 799 sensit
2110 737 2210 821 Hugo

195 835 229 888 et
262 820 488 888 Colossenses
523 820 668 886 ostendit
696 820 872 906 imaginem
905 816 988 897 Dei,
1021 821 1179 884 noticiam
1231 839 1305 884 cum
1327 820 1384 897 ait,
1408 815 1579 906 Originale
1599 830 1773 904 peccatum
1802 838 1898 898 esse,
1930 820 2149 905 ignorantiam
2177 822 2213 886 in

194 909 259 975 Dei
283 927 379 987 esse,
401 909 566 973 iusticiam
594 916 628 970 et
656 906 839 971 veritatem.
882 904 954 969 Nee
980 904 1178 990 Longobar·
1230 917 1353 984 mente,
1377 915 1410 968 et
1433 906 1735 988 concupiscentiam
1758 905 1791 968 in
1815 925 1927 983 came,
1941 905 2116 990 Significat
2127 908 2214 972 enim

195 997 260 1060 dus
284 1005 416 1059 veretur
437 993 560 1070 dicere,
582 990 673 1077 quod
696 992 827 1057 iusticia
849 990 1006 1076 originis,
1034 992 1078 1056 sit
1103 994 1113 1054 i
1138 1010 1178 1055 sa
1231 1011 1295 1055 nos
1318 1002 1499 1054 nascentes
1523 990 1642 1054 afferre
1664 990 1911 1075 ignoracionem
1932 989 2014 1070 Dei,
2037 991 2212 1057 increduli·

196 1076 376 1145 similitudo
393 1077 475 1157 Dei,
498 1098 584 1162 quae
606 1076 729 1141 homini
752 1078 855 1141 indita
873 1088 925 1141 est
947 1098 967 1140 a
988 1073 1074 1140 Deo.
1114 1014 1179 1164 lte·
1230 1087 1344 1153 tatem,
1367 1072 1600 1154 diffidenciam,
1625 1086 1858 1160 contemptum,
1882 1078 1990 1142 odium
2012 1074 2087 1142 Dei.
2120 1077 2215 1143 Haec.

196 1167 336 1230 citamus
363 1177 510 1229 veterum
539 1163 747 1240 sentencias,
774 1182 862 1246 quac
890 1158 970 1225 nihil
999 1162 1179 1247 impediunt
1232 1162 1318 1226 enim
1354 1157 1550 1245 complexus
1583 1172 1652 1237 est,
1685 1182 1759 1225 cum
1794 1162 2024 1246 ignoranciam
2056 1165 2213 1228 nominet.

196 1251 374 1336 Augustini
396 1249 702 1333 interpretationem
725 1247 767 1312 de
789 1247 944 1351 imagine.
1231 1246 1275 1311 Et
1297 1247 1362 1310 hae
1384 1248 1575 1327 sentenciae
1598 1248 1903 1313 consenciuntcum
1920 1249 2107 1332 scripturis,
2129 1248 2216 1314 Nam

282 1334 399 1419 ltaque
428 1347 526 1401 vetus
555 1333 719 1410 divinitio,
754 1353 830 1397 cunr
858 1332 981 1415 inquit,
1005 1343 1178 1416 peceatum
1233 1329 1359 1397 Paulus
1381 1334 1546 1398 interdum
1570 1352 1733 1416 expresse
1756 1334 1902 1398 nominat
1925 1332 2101 1406 defectum,
2123 1347 2159 1398 vt
2184 1336 2214 1399 l.

197 1441 274 1486 esse
286 1421 465 1485 carentiam
483 1420 638 1495 iustitiae,
650 1418 792 1483 detrahit
811 1437 879 1481 rron
895 1414 1004 1482 solum
1023 1419 1180 1483 obedien·
1232 1415 1382 1484 Corinth.
1405 1420 1440 1500 ij.
1487 1417 1648 1483 Animalia
1669 1419 1769 1483 homo
1792 1438 1860 1482 non
1881 1420 2024 1504 percipit
2046 1439 2102 1498 ea,
2127 1440 2215 1507 quae

197 1509 276 1572 tiam
297 1502 489 1571 inferiorum
512 1506 631 1570 virium
653 1502 808 1581 hominis,
832 1505 893 1567 sed
915 1504 1014 1568 etiarn
1038 1503 1181 1568 detrahit
1232 1504 1370 1568 s‘ritus
1396 1503 1460 1569 Dei
1488 1517 1575 1581 sunt.
1619 1502 1709 1568 Alibi
1738 1506 2041 1587 concupiscentiam
2069 1509 2217 1572 nominat

196 1592 353 1656 noticiam
370 1590 448 1667 Dei,
470 1590 625 1656 fiduciam
648 1610 729 1673 erga
745 1587 866 1666 Deum,
878 1588 1028 1653 timorem
1047 1601 1080 1653 et
1091 1609 1180 1653 amo·
1232 1611 1251 1655 c
1292 1609 1405 1653 cacem
1426 1591 1459 1653 in
1483 1591 1657 1669 membris,
1681 1600 1713 1654 et
1735 1591 1919 1674 parientem
1940 1588 2048 1654 malos
2071 1587 2214 1657 fructus.

197 1697 269 1741 rem
301 1675 387 1756 Dei,
419 1689 478 1741 aut
509 1688 602 1740 certe
634 1676 701 1738 vim
731 1674 796 1738 ista
829 1672 995 1739 efficiendi
1024 1674 1180 1738 detrahit.
1232 1672 1351 1739 Plures
1380 1673 1479 1741 locos
1509 1669 1612 1739 citare
1648 1677 1690 1739 de
1722 1687 1863 1761 vtraque
1892 1689 1988 1760 parte
2026 1697 2215 1759 possemus,

196 1763 282 1826 Nam
310 1774 343 1825 et
372 1763 436 1847 ipsi
463 1760 614 1847 theologi
642 1762 676 1824 in
700 1757 827 1825 scholis
854 1760 988 1825 tradunt
1020 1762 1085 1825 ista
1111 1780 1180 1823 non
1232 1762 1291 1825 sed
1315 1760 1347 1825 in
1372 1781 1408 1824 re
1431 1760 1608 1826 manifesta
1629 1759 1712 1825 nihil
1737 1781 1821 1843 opus
1845 1774 1897 1825 est
1920 1763 2128 1848 testimonijs.
2173 1760 2216 1828 Et

198 1844 288 1912 effici
322 1849 396 1911 sinc
424 1849 526 1912 certis
561 1847 676 1924 donis,
705 1858 738 1909 et
766 1843 890 1910 auxilio
924 1844 1062 1929 gratiae.
1107 1846 1180 1910 Nos
1203 1811 1211 1962 Ι
1232 1843 1330 1911 facile
1351 1846 1500 1911 iudicare
1520 1849 1641 1931 poterit
1667 1849 1815 1931 prudens
1838 1845 1947 1912 lector
1968 1847 2031 1912 has
2056 1869 2122 1912 non
2145 1858 2215 1912 tan·

196 1934 272 2018 ipsa
295 1934 383 1997 dona
405 1933 631 2010 nominamus,
659 1941 695 2011 rt
718 1951 773 1996 res
801 1928 941 2018 intelligi
970 1933 1095 2013 possit,
1121 1951 1181 1995 no·
1232 1945 1300 1997 tom
1324 1929 1440 2015 culpas
1459 1929 1607 1996 actuales
1635 1953 1731 2010 esse,
1760 1933 1833 1996 sine
1854 1944 1944 1997 metu
1973 1933 2052 2008 Dei,
2081 1945 2114 1998 et
2141 1934 2215 2000 sine

197 2019 308 2083 tioiam
325 2016 409 2096 Dei,
437 2019 588 2083 timorem
617 2028 650 2082 et
678 2015 831 2082 fiduciam
859 2038 940 2102 erga
967 2014 1086 2082 Deum.
1130 2016 1182 2081 Ex
1232 2018 1298 2082 lide
1320 2037 1407 2081 esse.
1453 2017 1537 2082 Sunt
1559 2020 1645 2083 enirn
1664 2016 1834 2083 durabiles
1858 2016 2011 2083 defectus
2038 2020 2071 2083 in
2094 2031 2215 2085 natura

197 2104 250 2169 his
273 2114 412 2189 apparet
434 2103 827 2194 veterem'definitiqnem
856 2123 999 2187 prorsus
1027 2103 1112 2166 idem
1135 2102 1182 2167 di·
1233 2125 1300 2168 narn
1324 2116 1495 2168 renouata.

199 2209 276 2256 oere
298 2191 387 2275 quod
410 2209 473 2253 nos
497 2189 656 2266 dicimus,
680 2187 894 2253 detrahentes
916 2201 1039 2253 metum
1060 2187 1125 2252 Dei
1148 2189 1188 2253 et
1318 2185 1407 2253 Nihil
1429 2189 1529 2273 igitur
1551 2191 1593 2253 de
1615 2201 1754 2272 peccato
1778 2190 1925 2274 Originis
1945 2191 2106 2255 sentimus
2134 2189 2214 2256 alie·

197 2274 372 2353 fiduciam,
393 2272 551 2338 videlicet
572 2294 641 2338 non
663 2285 761 2339 actus
784 2285 931 2355 tantum,
954 2274 1015 2339 sed
1038 2275 1127 2338 dona
1149 2285 1182 2337 et
1232 2296 1321 2353 num,
1344 2285 1401 2338 aut
1422 2293 1443 2337 a
1465 2276 1641 2361 scriptura,
1664 2286 1721 2339 aut
1742 2295 1762 2337 a
1783 2273 1949 2340 catholica
1963 2273 2127 2353 Ecclesia,
2151 2276 2214 2341 sed

197 2363 264 2426 vim
285 2361 328 2426 ad
350 2362 436 2426 haec
456 2357 642 2425 efficienda.
965 2379 980 2410 s
1233 2360 1451 2447 grauissimas
1473 2361 1663 2425 sentencias
1686 2363 1872 2444 scripturae
1901 2373 1932 2425 et
1955 2359 2091 2425 Petrum
2115 2363 2214 2427 obru-

285 2447 409 2515 Eadem
438 2457 490 2510 est
518 2445 688 2509 sentencia
716 2443 936 2523 delinitionis,
969 2464 1056 2532 quae
1089 2455 1181 2510 extat
1233 2458 1286 2510 tas
1321 2441 1520 2527 Sophisticis
1552 2447 1632 2510 rixis
1667 2444 1898 2530 theologorum
1934 2447 2133 2525 recentium,
2162 2468 2213 2511 rc·

197 2533 286 2617 apud
309 2532 542 2617 Augustinum,
566 2532 621 2614 qui
643 2526 730 2594 solet
753 2528 891 2595 delinire
918 2542 1094 2615 peccatum
1116 2531 1180 2594 ori·
1254 2551 1424 2616 ungamus,
1442 2542 1475 2595 et
1496 2533 1529 2595 in
1552 2530 1660 2596 lucem
1687 2533 1910 2611 restituimus,
1942 2532 2027 2596 Nam
2055 2552 2110 2597 res
2138 2533 2214 2616 ipsa

198 2618 286 2704 ginis
320 2617 623 2701 concupiscentiam
652 2634 741 2679 esse.
786 2615 961 2701 Significat
988 2618 1074 2680 enim
1103 2636 1180 2680 con·
1231 2554 1388 2702 loquitur,
1406 2618 1612 2681 recentiores
1634 2614 1813 2702 theologos
1836 2639 1903 2683 non
1927 2618 2214 2698 animaduertisse,

197 2704 434 2787 cupiscentiam
445 2702 655 2767 successisse
666 2702 791 2766 amissa
802 2702 946 2765 iusticia.
979 2701 1180 2788 Namaegra
1232 2705 1311 2788 quid
1340 2699 1505 2767 voluerint
1534 2701 1651 2767 Patres
1685 2705 1726 2768 de
1760 2700 1892 2769 defectu
1921 2701 2106 2790 loquentes.
2150 2702 2214 2769 Est

169 2800 317 2855 'natura
344 2789 419 2873 quia
449 2808 517 2852 non
547 2799 660 2870 potest
693 2785 802 2852 Deum
830 2788 946 2851 timere
975 2800 1007 2850 et
1030 2784 1180 2871 diligere,
1231 2799 1341 2854 autem
1363 2788 1555 2852 necessaria
1583 2790 1728 2874 cognitio
1751 2790 1882 2872 peccati
1913 2791 2069 2874 originis,
2096 2788 2215 2874 Neque

195 2873 272 2941 Deo
302 2876 457 2950 credere,
486 2874 615 2958 quaerit
642 2883 675 2935 et
702 2883 791 2937 amat
819 2869 976 2937 carnalia.
1021 2870 1179 2936 iudicium
1231 2877 1317 2939 enim
1340 2884 1453 2958 potest
1475 2870 1615 2960 intelligi
1637 2875 1830 2959 magnitudo
1853 2877 1981 2961 gratiae
1997 2873 2131 2957 Christi,
2148 2874 2214 2939 nisi

196 2958 279 3039 Dei,
308 2969 366 3025 aut
387 2979 508 3025 secura
528 2958 724 3034 contemnit,
754 2970 813 3022 aut
835 2958 904 3022 odit
926 2955 1178 3041 perterrefacta,
1230 2962 1356 3025 morbis
1396 2961 1521 3023 nostris
1554 2960 1709 3046 cognitis.
1764 2959 1850 3024 Tota
1889 2959 2031 3024 hominis
2068 2961 2213 3041 iusticia,

195 3044 247 3110 lta
268 3056 302 3110 et
324 3041 490 3109 delectum
512 3041 743 3128 complectitur
765 3044 993 3134 Augustinus,
1022 3055 1055 3107 et
1075 3044 1180 3108 nicio·
1204 3031 1208 3089 l
1230 3065 1322 3110 mera
1344 3057 1396 3110 est
1417 3043 1607 3129 hypocrisis
1630 3066 1744 3111 coram
1760 3043 1855 3124 Deo,
1883 3047 1949 3110 nisi
1977 3067 1996 3109 a
2020 3046 2213 3111 nouerimus

197 3151 270 3195 snn
298 3129 446 3195 habitum
480 3131 536 3213 qui
563 3131 749 3207 succeseit,
776 3130 893 3214 Neque
920 3150 1002 3194 vero
1025 3128 1179 3212 concupi·
1231 3151 1292 3197 cor
1312 3128 1507 3195 naturaliter
1529 3150 1651 3196 vacare
1673 3151 1804 3207 amore,
1837 3133 1973 3210 timore,
1995 3066 2115 3196 lunata
2135 3128 2212 3196 Dei.

197 3216 328 3280 scentia
360 3225 486 3280 tantum
513 3215 681 3299 corruptio
709 3213 904 3299 qualitatum
934 3215 1086 3299 corporis
1114 3228 1178 3294 est,
1231 3217 1311 3282 ldeo
1339 3214 1509 3300 Propheta
1541 3218 1667 3302 inquit,
1702 3217 1883 3302 Postquam
1918 3217 2091 3281 ostendisti
2122 3213 2212 3295 mihi,

197 3301 266 3366 Sed
284 3303 383 3366 etiam
405 3320 509 3386 praua
531 3301 709 3364 conuersio
731 3302 775 3365 ad
798 3298 945 3368 carnalia
966 3302 1000 3365 in
1030 3302 1180 3386 superio·
1203 3293 1209 3430 Ι
1230 3305 1385 3389 percussi
1403 3304 1511 3368 femur
1538 3323 1663 3381 meum,
1691 3302 1852 3377 ltem212)
1892 3301 1966 3388 Ego
2000 3302 2066 3366 dixi
2094 3302 2127 3366 iu
2156 3321 2213 3366 ex·

195 3387 290 3452 ribus
322 3387 465 3463 viribus,
494 3385 567 3450 Nec
593 3386 707 3451 vident
734 3388 813 3471 quid
844 3388 975 3465 dicant,
1002 3388 1058 3472 qui
1079 3384 1179 3454 simul
1203 3447 1207 3468 ,
1231 3407 1330 3454 cesso
1355 3409 1439 3460 meo,
1463 3388 1580 3452 Omnis
1603 3387 1703 3454 homo
1726 3389 1880 3468 mendax,
1901 3389 1935 3453 id
1953 3399 2017 3466 est,
2035 3408 2102 3453 nou
2121 3398 2213 3453 recte

196 3473 345 3538 tribuunt
366 3471 489 3537 homini
520 3473 825 3557 concupiscentiam
854 3493 921 3537 non
950 3472 1179 3537 mortificatam
1231 3475 1388 3539 senciens
1410 3476 1452 3540 de
1474 3471 1563 3539 llco.¹

196 3578 217 3622 a
239 3559 356 3643 spiritu
378 3569 508 3640 sancto,
531 3571 563 3622 et
584 3554 794 3624 dilectionem
815 3557 879 3622 Dei
901 3577 1004 3642 super
1027 3558 1148 3625 omnia.
1317 3560 1381 3629 llic
1403 3561 1447 3624 fla
1473 3556 1776 3644 eliantaduersarij
1796 3558 1892 3623 etiam
1915 3554 2096 3622 Lutherum
2120 3556 2212 3641 quod

282 3643 354 3707 Nos
376 3645 478 3730 igitur
499 3656 593 3708 recte
615 3645 841 3728 expressimus
870 3655 1035 3729 vtrunque
1061 3645 1094 3708 in
1123 3644 1179 3708 dc·
1230 3646 1425 3731 scripserit,
1449 3582 1630 3709 laconum
1654 3645 1792 3728 originis
1821 3663 1955 3707 manere
1977 3654 2055 3726 post
2082 3640 2212 3725 Baptis-

197 3729 378 3812 scriptione
395 3728 523 3811 peccati
537 3727 729 3813 Originalis,
748 3726 1065 3795 videlicetdcsectus
1087 3726 1178 3807 illos,
1230 3752 1330 3807 mum,
1355 3732 1493 3795 Addunt
1513 3730 1603 3794 hunc
1625 3727 1800 3793 articulum
1822 3728 1893 3793 iure
1920 3730 2108 3793 damnatum
2131 3747 2211 3793 esse

195 3831 264 3876 non
287 3832 390 3894 posse
413 3811 488 3877 Deo
517 3814 672 3890 credere,
702 3835 768 3878 non
801 3835 906 3900 posse
928 3813 1037 3879 Deum
1063 3818 1179 3879 timere
1231 3836 1252 3879 a
1273 3814 1387 3879 Leone
1408 3837 1442 3880 x.
1462 3815 1529 3880 Sed
1550 3813 1670 3878 Caesa.
1693 3812 1761 3879 Ma.
1781 3814 1813 3877 in
1837 3811 1990 3878 hocloco
2003 3809 2210 3877 manifestam

196 3918 238 3964 ac
271 3896 420 3982 diligere.
475 3897 555 3963 ltem
594 3899 720 3964 habere
752 3901 1058 3983 concupiscentiam
1092 3921 1178 3984 quae
1231 3899 1428 3966 calumniam
1451 3897 1683 3984 deprehendet.
1718 3898 1834 3964 Sciunt
1862 3900 1948 3963 enim
1970 3898 2153 3983 aduersarij
2176 3899 2212 3963 in

197 3983 346 4048 carnalia
368 3984 498 4067 quaerit
520 3994 637 4047 contra
658 3987 797 4051 verbum
816 3983 970 4062 Dei,hoo
991 3998 1055 4062 cst,
1077 4005 1178 4071 quae·
1230 4007 1328 4073 qnam
1351 3988 1553 4049 sentenciam
1576 3983 1743 4050 Lutherus
1766 3986 1974 4050 hecdicium
1998 3981 2093 4062 velit,
2122 3984 2211 4069 quod

195 4070 239 4132 rit
260 4090 328 4134 non
352 4065 462 4132 solum
490 4067 681 4153 voluptates
709 4072 880 4155 corporis,
906 4071 967 4134 sed
1000 4072 1100 4136 etiarn
1128 4090 1179 4134 sa·
1229 4084 1404 4158 peccatum
1437 4072 1574 4157 originis
1609 4068 1771 4156 reliquum
1810 4071 1853 4133 sit
1885 4082 1962 4155 post
1993 4069 2210 4154 Baptismum,
2287 4149 2289 4153 ι

196 4156 352 4239 pientiam
375 4165 410 4218 et
429 4155 593 4217 iusticiam
616 4154 804 4234 carnalem,
829 4169 863 4221 et
885 4154 1021 4221 confidit
1043 4156 1096 4220 his
1122 4158 1178 4220 bo·
1231 4159 1370 4241 Semper
1389 4159 1434 4220 ita
1457 4158 1608 4241 scripsit,
1631 4156 1720 4242 quod
1742 4155 1933 4241 Baptismus
1962 4152 2056 4220 tollat
2082 4167 2210 4219 reatum

196 4242 267 4320 nis,
290 4251 509 4305 contemnens
531 4238 651 4318 Deum,
683 4240 799 4326 Neque
820 4238 929 4307 solum
952 4254 1097 4320 veteres,
1116 4237 1179 4306 sed
1229 4244 1360 4328 pcccati
1383 4240 1567 4328 originalis,
1584 4244 1681 4306 etiam
1704 4242 1733 4304 si
1756 4238 1936 4321 materiale,
1955 4252 1989 4305 vt
2009 4242 2064 4305 isti
2074 4251 2209 4318 vocant,

195 4328 295 4390 etiam
317 4324 541 4401 recentiores,
571 4325 606 4390 Si
637 4328 793 4409 quisunt
816 4328 1029 4394 cordaciores
1057 4330 1179 4394 docent
1230 4330 1358 4416 peccati
1391 4341 1540 4412 maneat,
1580 4326 1735 4393 videlieet
1776 4327 2054 4410 eoncupiscentia.
2110 4326 2210 4389 Addi-

197 4410 297 4477 simul
325 4413 391 4475 ista
412 4429 494 4474 vere
521 4422 693 4492 peccatum
726 4412 866 4496 originis
896 4432 991 4491 csse,
1025 4411 1177 4479 desectus
1230 4417 1344 4495 dit¹³)
1377 4415 1475 4479 etiam
1503 4416 1545 4478 de
1572 4411 1750 4490 materiali,
1784 4413 1873 4496 quod
1905 4413 2039 4476 siritus
2072 4424 2210 4476 sanctus

196 4496 364 4575 videlicet,
388 4516 474 4580 quos
503 4497 674 4574 recensui,
704 4511 737 4561 et
766 4498 1076 4581 concupiscentiam.
1121 4499 1178 4563 Sic
1230 4501 1329 4566 datus
1351 4520 1412 4586 per
1439 4500 1661 4585 Baptismnm,
1685 4499 1799 4584 incipit
1826 4435 2025 4562 mortilrcarc
2053 4497 2210 4580 concupi·

198 4585 284 4647 enim
307 4583 411 4666 inquit
433 4579 596 4658 Thomas,
619 4582 798 4649 Peccatum
825 4583 962 4668 originis
984 4583 1086 4647 habet
1112 4585 1178 4667 pri·
1229 4587 1409 4663 scentiam,
1441 4598 1474 4649 et
1504 4604 1612 4650 nouos
1644 4594 1756 4649 motus
1785 4584 1936 4648 creatio
1968 4581 2112 4648 homine.
2155 4582 2210 4646 Ad

198 4670 365 4734 nationem
388 4665 562 4751 originalis
584 4669 746 4747 iusticiae,
769 4681 803 4734 et
826 4690 901 4733 cunr
923 4667 989 4733 hoc
1011 4668 1179 4733 inordina·
1229 4673 1371 4738 eundem
1399 4673 1532 4737 modum
1564 4669 1709 4755 loquitur
1743 4680 1776 4733 et
1803 4669 2032 4753 Augustinus,
2066 4669 2121 4758 qqi
2153 4669 2229 4744 ait,·

199 4766 266 4819 tam
295 4750 545 4837 dispositionem
572 4759 713 4836 partium
741 4755 887 4833 animae,
914 4755 1003 4819 vnde
1029 4774 1096 4818 non
1124 4764 1178 4818 est
1229 4757 1417 4822 Peccatum·
1433 4757 1466 4820 in
1489 4759 1660 4841 Baptismo
1682 4756 1875 4834 remittitur,
1904 4775 1971 4818 non
1993 4767 2030 4818 vt
2057 4773 2126 4818 non
2156 4754 2210 4838 sit,

197 4840 347 4988 ppiuacio
370 4858 471 4921 pura,
495 4839 565 4903 Sed
587 4839 720 4922 quidem
741 4838 875 4904 habitus
903 4851 1092 4922 corruptus.
1135 4835 1178 4902 Et
1230 4841 1291 4905 sed
1315 4854 1351 4905 vt
1373 4862 1440 4904 non
1462 4842 1649 4927 imputetur.
1667 4846 1718 4915 ¹⁴)
1762 4840 1824 4904 llic
1846 4837 1956 4924 palam
1977 4839 2099 4905 latetur
2120 4857 2210 4918 esse,

229 4937 447 4999 onauentura,
470 4922 554 4988 (lum
572 4925 743 5009 quaeritur
764 4926 842 5010 quid
865 4926 909 4990 sit
925 4921 1091 5010 originale
1102 4943 1178 5007 pec·

198 5023 319 5087 catum,
342 5020 436 5075 recte
456 5009 692 5092 respondetur,
720 5011 811 5094 quod
833 5011 877 5074 sit
904 5009 1178 5094 concupiscentia

197 5096 425 5162 immoderata.
470 5092 576 5157 Recte
609 5097 708 5160 etiam
738 5097 979 5180 respondetur,
1013 5096 1103 5181 quod
1136 5095 1179 5160 sit
1233 5113 1531 5182 11)caremia,]udie.
1551 5116 1641 5165 2-4.=
1660 5121 1801 5169 carentia.

1233 5203 1280 5267 12)
1298 5200 1503 5267 meum,1tem.]
1522 5201 1602 5251 Editt.
1620 5203 1712 5252 2-4.:
1731 5217 1825 5254 meum.
1852 5185 1926 5264 Item,

198 5268 243 5280 “”
1234 5288 1279 5353 13]
1293 5286 1421 5354 sunan]
1441 5288 1479 5338 aa
1496 5288 1580 5338 nuta
1600 5287 1690 5350 r-a;
1708 5287 1758 5338 nu.
1776 5290 1818 5338 a:
1835 5288 1919 5337 aaut

199 5372 246 5438 10)
264 5367 372 5436 iuquit]
391 5366 443 5417 Ed·
460 5366 502 5417 θα
519 5368 613 5434 lnquit,
818 5430 821 5435 ι
859 5414 862 5421 .
953 5422 957 5433 ,
999 5440 1002 5446 ¹
1233 5370 1616 5438 14Jimputatur.]ateudnt.
1636 5370 2012 5438 1—³.;1td.4.:reputetur.
