4786 6210
182 370 247 457 eor
637 378 1753 490 auu.nuusomrreoommrtcaersrueoorcs.

155 642 163 659 p
209 577 424 641 renunciatur
451 574 637 654 absolutio,
675 576 764 662 quod
797 595 865 640 nou
897 571 1007 642 solum
1040 570 1170 643 meets
1215 567 1404 635 fundentur.
1448 568 1521 637 Nec
1548 584 1601 638 est
1627 536 1863 640 confidendum·
1883 570 1974 657 quod
1994 570 2073 638 lusti
2097 590 2200 656 repu-

184 599 326 739 Chn'sti,
359 662 421 727 sed
443 663 569 726 meritis
590 661 730 726 aliorum
753 672 944 726 sanctorum
973 655 1164 724 reconcilie·
1217 667 1324 720 temur
1345 656 1470 721 meritis
1492 657 1610 724 beatae
1631 659 1781 745 virginis,
1796 659 1849 736 ²⁸)
1876 670 1935 724 aut
1954 655 2098 725 eliorum
2118 676 2201 723 ssu·

184 768 259 814 mur
279 757 313 813 et
339 748 416 812 iusti
439 758 640 832 reputemur.
683 745 824 820 Quidem
852 768 872 813 e
893 747 991 811 nobis
1012 746 1166 810 viderunt
1215 751 1355 808 crorum

68 900 73 907 ,
186 836 380 898 morientem
405 834 576 898 doctorem
604 830 826 918 Theologiae,
854 833 897 897 ad
926 852 1024 916 quem
1046 849 1165 894 conso·
1301 827 1426 892 llaeret
1448 840 1483 892 et
1503 826 1559 893 bic
1580 849 1675 894 error
1695 827 1787 914 opud
1807 828 1945 907 doctos,
1968 828 2060 913 quod
2081 828 2200 915 siugu-

183 915 320 986 lcudum
341 918 508 984 adhibitus
538 931 610 982 crat
630 916 817 982 Monachus
841 917 1003 1003 quispiam
1024 913 1165 981 Theolo·
1215 907 1256 976 lis
1278 914 1405 978 sanctis
1427 924 1541 978 certae
1561 917 1814 999 procurationes
1835 914 2139 999 commissaegsint,
2160 924 2200 980 vt

186 1026 263 1091 gos.
313 1003 345 1066 Is
380 1005 529 1069 morienti
564 1000 647 1067 nihil
678 1001 880 1081 inculcabat,
894 1007 947 1083 ²⁶)
980 1003 1045 1067 nisi
1077 1003 1164 1066 hauc
1216 999 1314 1062 Anna
1343 998 1481 1064 diuicias
1503 997 1681 1087 largiatur,
1709 1000 1929 1065 Sebastianus
1956 1011 2071 1065 arceat
2092 1001 2196 1085 pesti·

209 1091 428 1168 necationem,
456 1091 565 1154 illator
587 1090 715 1174 gratiae
744 1109 807 1154 nos
829 1091 872 1154 ab
894 1088 992 1154 hoste
1014 1099 1164 1173 protege,
1214 1081 1374 1162 lanciam,
1419 1082 1617 1151 Valentinus
1657 1087 1829 1150 medeatur
1868 1087 1985 1152 morbo
2018 1083 2197 1167 corniciali,

184 1110 328 1241 lubere
351 1176 467 1239 mortis
489 1175 633 1258 suscipe.
686 1173 732 1238 Vt
753 1173 932 1261 largiamur
954 1176 1044 1262 quod
1068 1175 1165 1238 beata
1215 1165 1382 1253 Georgius
1410 1181 1543 1235 tueatur
1571 1173 1711 1256 equites.
1764 1169 1838 1235 llae
1865 1172 2103 1254 persuasiones
2124 1168 2197 1255 pla-

185 1259 293 1327 blaria
315 1271 388 1325 oret
409 1281 470 1345 pro
494 1257 658 1336 Ecclesia,
682 1280 760 1324 num
782 1262 856 1345 ipsa
877 1262 1016 1346 suscipit
1038 1261 1164 1324 animas
1215 1273 1258 1317 ue
1272 1258 1325 1331 2⁹)
1347 1268 1425 1320 sunt
1447 1267 1541 1321 ortae
1563 1277 1605 1321 ex
1633 1255 1773 1322 ethnicis
1796 1253 1970 1340 exemplis.
2020 1257 2078 1324 Sic
2106 1260 2196 1324 euim

185 1346 221 1411 iu
243 1356 360 1424 morte,
382 1366 460 1410 uum
484 1347 584 1410 vincit
606 1356 756 1425 mortem,
779 1367 857 1412 num
880 1346 1050 1413 sinificet?
1079 1345 1163 1418 Quid
1215 1338 1304 1422 apud
1333 1338 1500 1406 Romanos
1527 1344 1705 1427 putabatur
1734 1340 1817 1407 luno
1844 1342 1969 1421 ditare,
2002 1340 2121 1409 retro
2143 1364 2196 1408 ar·

185 1432 257 1518 agit
277 1428 454 1496 Christus?
475 1434 504 1496 si
527 1429 612 1498 haec
633 1428 714 1495 facit
739 1430 837 1497 beata
859 1432 976 1510 bieria,
999 1452 1085 1517 quoe
1102 1432 1165 1495 etsi
1216 1444 1295 1489 cere
1316 1422 1446 1506 iebrirn,
1463 1426 1586 1493 Castor
1603 1440 1636 1492 et
1655 1425 1775 1493 Pollux
1792 1425 1973 1493 defendere
1989 1430 2119 1513 equites
2130 1440 2196 1495 etc.

187 1528 240 1583 est
273 1516 466 1602 dignissima
494 1538 546 1581 am
570 1515 704 1581 lissimis
733 1517 937 1597 bonoribus,
964 1528 1075 1582 tamen
1097 1537 1164 1581 non
1216 1509 1258 1574 Ei
1281 1508 1444 1596 fingamus
1467 1514 1729 1585 moderatissime
1751 1514 1836 1578 tradi
1858 1513 2101 1579 innovationem
2118 1535 2196 1579 son-

189 1599 256 1671 rult
288 1620 327 1667 se
359 1603 496 1688 aequari
523 1539 675 1679 Christo,
708 1604 769 1668 sed
796 1606 907 1687 potius
929 1600 1081 1687 exempla
1102 1622 1165 1666 sua
1216 1610 1357 1676 ctorem,
1378 1610 1488 1663 tamen
1507 1619 1581 1663 cum
1598 1597 1786 1683 exemplum
1804 1601 1849 1664 sit
1864 1598 2196 1683 periculosissimum,

184 1707 249 1753 uos
271 1687 388 1752 intueri
411 1699 444 1752 et
466 1685 621 1770 ampiecti
643 1685 723 1753 vult.
768 1688 813 1754 At
834 1709 891 1754 res
912 1686 1059 1774 loquitur
1078 1692 1164 1772 ipsa,
1216 1702 1376 1767 quorsum
1398 1705 1483 1769 opus
1508 1697 1560 1750 est
1584 1705 1657 1750 eam
1679 1682 1872 1764 defendere,
1893 1706 1969 1751 cum
1990 1683 2117 1753 nullum
2138 1685 2197 1751 he·

186 1773 277 1860 quod
306 1771 440 1857 publica
469 1775 689 1858 persuasione
717 1775 815 1840 beata
842 1776 938 1862 virgo
969 1795 1108 1858 prorsus
1131 1775 1164 1837 in
1218 1770 1294 1832 beat
1326 1771 1516 1835 mandatum
1549 1783 1606 1837 eut
1638 1772 1862 1838 testimonium
1893 1791 1937 1836 ex
1968 1774 2073 1837 verbo
2110 1769 2198 1837 Deir

184 1857 297 1923 locum
321 1858 445 1923 Christi
466 1861 679 1924 successerit.
722 1859 817 1926 Hauc
846 1862 1088 1926 inuocauerunt
1108 1858 1165 1922 ho·
1216 1855 1285 1918 lnro
1317 1874 1380 1918 nec
1409 1868 1557 1921 veterum
1590 1855 1798 1940 Scriptorum
1830 1857 2054 1923 testimonium
2082 1857 2195 1923 habet·

187 1945 310 2026 mines,
342 1944 441 2009 buius
469 1945 695 2011 misericordia
723 1948 842 2011 conlisi
869 1958 964 2024 sunt,
995 1946 1164 2031 perhanc
1216 1937 1360 2004 Primum
1388 1943 1483 2022 quia,
1512 1954 1549 2008 vt
1575 1943 1785 2027 supradixi,
1818 1962 1894 2006 cum
1914 1941 1973 2030 alij
1995 1943 2199 2010 mediatores

186 2026 364 2096 voluerunt
396 2029 532 2115 placare
563 2029 750 2109 Christum,
782 2033 877 2117 quasi
910 2035 940 2098 is
973 2052 1040 2097 uon
1073 2040 1165 2096 esset
1215 2039 1346 2109 praeter
1368 2024 1537 2092 Christum
1558 2039 1780 2114 quaeruntur,
1810 2024 1998 2095 collocatur
2018 2028 2141 2095 fiducia
2162 2033 2197 2095 iu

210 2115 404 2198 repicietor,
434 2118 494 2181 sed
517 2126 642 2181 tantum
665 2120 849 2183 horrendus
872 2118 988 2202 ludex,
1011 2130 1045 2182 et
1065 2114 1163 2182 viter.
1215 2109 1313 2191 alies,
1336 2113 1487 2177 obruitur
1509 2124 1578 2178 tote
1596 2115 1718 2179 noticia
1730 2113 1867 2192 Christi,
1889 2114 1992 2200 idque
2008 2134 2064 2179 res
2082 2126 2198 2180 osteu-

220 2220 260 2265 oe
281 2214 391 2266 autem
403 2204 576 2281 sentimus,
600 2206 654 2282 ²⁷)
665 2205 755 2288 quod
775 2224 841 2268 nou
859 2204 902 2267 sit
919 2202 1164 2273 confidendum,
1215 2197 1272 2261 dit.
1316 2196 1456 2264 Videtur
1488 2200 1587 2265 inicio
1616 2201 1737 2265 mentio
1766 2211 1979 2279 sanctorum,
2012 2197 2122 2286 qualis
2144 2211 2199 2266 est

188 2287 279 2372 quod
312 2288 428 2352 menta
463 2300 656 2353 sanctorum
687 2289 786 2354 nobis
820 2288 1041 2374 applicemur,
1074 2288 1164 2373 quod
1216 2283 1249 2345 in
1271 2285 1440 2350 veteribus
1463 2286 1670 2351 orationibus
1698 2282 1864 2350 tolerabili
1895 2282 2036 2352 consilio
2059 2298 2200 2372 recepta

187 2382 325 2460 propter
352 2370 410 2437 illa
433 2372 527 2437 Deus
553 2373 655 2439 nobis
677 2372 931 2455 reconcilietur,
957 2388 1013 2440 eut
1036 2395 1072 2437 re
1096 2384 1166 2439 utet
1216 2388 1305 2433 esse.
1357 2367 1482 2436 Postea
1512 2384 1629 2438 secuta
1658 2382 1711 2436 est
1739 2370 1926 2450 inuocatio‚
1952 2372 2200 2439 inuocationeur

187 2477 252 2523 nos
278 2458 405 2538 iustos,
433 2470 490 2524 aut
517 2458 627 2524 salust
655 2479 728 2524 uos.
772 2459 912 2526 Tantum
934 2462 1019 2525 enirn
1042 2396 1166 2526 christi
1216 2456 1401 2541 prodigiosi
1425 2469 1459 2521 et
1479 2457 1656 2543 plusquam
1683 2455 1806 2523 ethnici
1830 2458 1956 2523 abusus
1977 2460 2085 2527 secuti
2106 2468 2199 2525 suut

188 2544 314 2607 meritis
337 2544 570 2629 consequimur
591 2542 819 2610 remissionem
842 2559 1067 2630 peccatorum,
1091 2566 1165 2611 cum
1217 2544 1272 2605 Ab
1289 2543 1498 2607 inuocatione
1527 2543 1570 2608 ad
1599 2545 1760 2629 imagines
1780 2556 1915 2609 ventum
1937 2556 2008 2625 est,
2030 2545 2200 2697 mem

187 2629 222 2693 in
243 2647 318 2693 eum
338 2630 513 2695 credimus.
528 2633 582 2708 27)
625 2629 680 2696 De
706 2628 783 2713 alijs
811 2634 936 2698 sanctis
959 2633 1167 2708 dictumest,
1218 2647 1283 2712 que
1306 2626 1512 2706 colebantur,
1545 2640 1580 2694 et
1600 2632 1778 2714 putabatur
1811 2631 1861 2694 cis
1894 2629 2010 2696 inesse
2035 2650 2099 2715 que

189 2713 428 2800 Vnusquisque
466 2715 603 2798 recipiet
634 2719 822 2784 mercedem
854 2719 1038 2784 secundum
1071 2738 1167 2783 suum
1218 2715 1287 2792 vis,
1317 2714 1404 2777 sicut
1426 2715 1515 2800 magi
1548 2717 1614 2780 rim
1641 2715 1753 2783 inesse
1774 2714 1904 2801 lingunt
1934 2716 2134 2801 imaginibus
2155 2716 2201 2781 si·

188 2796 353 2878 laborem,
386 2802 420 2866 id
450 2812 520 2879 est,
552 2802 614 2886 ipsi
640 2803 726 2867 inter
752 2824 792 2869 se
819 2805 947 2869 donare
968 2823 1029 2873 sua
1051 2805 1168 2867 merita
1218 2818 1359 2884 gnarum
1391 2797 1583 2865 coelestium
1606 2811 1699 2865 certo
1725 2812 1874 2884 tempore
1906 2802 2060 2886 sculptis.
2104 2800 2201 2867 Vidi·

188 2883 245 2969 alij
268 2882 346 2968 alijs
368 2907 436 2951 non
457 2898 610 2971 possunt,
633 2889 720 2954 sicut
741 2889 898 2954 lilonachi
919 2891 1068 2955 vendunt
1090 2908 1167 2953 suo·
1219 2903 1292 2950 urus
1314 2887 1347 2948 in
1369 2887 1512 2975 quodam
1534 2888 1738 2951 monasterio
1750 2886 1988 2954 simulachrum
2003 2889 2201 2953 beataevir·

187 2992 262 3038 roro
284 2972 437 3038 ordinum
458 2973 586 3038 merita.
626 2973 669 3038 Et
685 2973 828 3041 Hilarius
847 2977 905 3054 ait,
926 2975 968 3041 de
986 2973 1086 3040 fatuis
1104 2976 1166 3039 rir-
1218 2971 1321 3058 ginis,
1352 2972 1460 3055 quod,
1494 2974 1589 3058 quasi
1612 2971 1806 3053 αὐτόματον,
1829 2977 1970 3052 arte⁸⁰)
1990 2974 2202 3049 mouebatur,

187 3057 330 3208 fluibus.
380 3057 424 3123 Et
450 3061 527 3144 quia
554 3058 688 3144 prodire
718 3063 850 3127 obuiam
879 3059 990 3126 iatuue
1011 3063 1167 3126 extinctis
1220 3070 1256 3122 vt
1287 3056 1455 3122 videretur
1487 3070 1545 3124 aut
1575 3060 1724 3131 euersuri
1738 3119 1740 3123 .
1755 3071 1923 3145 petentes,
1952 3071 2012 3125 aut
2037 3079 2200 3125 annuere.

212 3144 498 3306 rutilarit,
519 3147 1168 3319 titiidistribuisset?
1219 3142 2233 3316 initietur*restitutionibus?ris.

212 3323 319 3392 erunt,
339 3333 407 3377 nou
425 3333 528 3395 posse
549 3335 589 3379 se
606 3316 698 3394 darc,
719 3321 796 3402 quia
813 3321 940 3385 nonsit
958 3316 1057 3396 sorte,
1078 3320 1167 3402 quod
1219 3336 1340 3401 magna
1362 3317 1538 3382 autoritate
1559 3315 1693 3402 publice
1715 3318 1940 3383 tradebantur.
1972 3315 2123 3383 Barbara
2141 3336 2202 3403 pe·

189 3398 343 3464 omuibus
369 3400 451 3462 sutis
471 3400 533 3470 sit,
565 3396 683 3464 alienis
709 3403 839 3469 scilicet
860 3406 1017 3489 operibus
1039 3424 1081 3467 ac
1103 3426 1168 3469 me·
1219 3402 1258 3465 tit
1296 3403 1382 3468 inter
1420 3413 1584 3468 tormenta
1615 3404 1814 3488 praemium,
1852 3423 1897 3468 ne
1925 3404 2000 3489 quis
2034 3403 2200 3469 inuocans

189 3485 262 3549 ritis
283 3485 447 3549 neminem
468 3484 702 3567 adiuuandum,
724 3490 802 3572 quia
822 3490 997 3572 rnicuique
1024 3487 1168 3574 lampadi
1218 3488 1229 3550 i
1252 3507 1325 3551 sam
1338 3489 1396 3565 ⁸¹)
1418 3490 1595 3566 moriatur,
1626 3489 1698 3552 siue
1720 3489 1930 3554 eucharistia
1973 3485 2070 3554 Alius
2091 3500 2203 3555 totuur

188 3588 272 3636 suae
293 3591 403 3636 emere
424 3568 535 3635 oleum
559 3575 777 3637 accessesit.
821 3572 906 3639 Cum
927 3577 1028 3660 igitur
1048 3577 1169 3641 aduer·
1247 3569 1434 3649 salterium,
1466 3585 1560 3638 stans
1588 3575 1674 3658 pede
1696 3574 1728 3637 iu
1751 3595 1833 3652 suu,
1862 3574 2008 3659 quotidie
2035 3573 2202 3641 munuc

189 3656 270 3742 sarij
299 3656 442 3722 doceant
468 3655 622 3722 iiduciam
658 3657 828 3724 collocare
860 3661 893 3722 in
925 3661 1168 3727 inuocatiouem
1219 3657 1495 3743 christophorum
1514 3661 1618 3745 pinxit
1639 3657 1758 3745 aliquis
1780 3662 1831 3725 vir
1853 3662 2017 3745 prudens,
2041 3669 2077 3724 rt
2097 3660 2204 3745 sigul-

190 3755 398 3818 sauctorum,
428 3765 502 3807 cum
531 3762 639 3827 neque
661 3747 798 3811 verbum
819 3744 902 3824 Dei,
929 3767 1038 3832 neque
1060 3768 1168 3812 exem·
1219 3745 1335 3808 liceret
1368 3765 1427 3828 per
1459 3742 1678 3831 allegoriam,
1718 3767 1873 3833 maguum
1907 3759 2063 3830 oportere
2094 3749 2202 3813 robur

190 3824 281 3912 plum
314 3827 508 3913 Scripturae
540 3827 702 3910 habeant,
744 3853 818 3897 cum
852 3831 1019 3917 applicent
1053 3836 1169 3899 merita
1219 3832 1317 3895 animi
1344 3851 1423 3897 esse
1449 3831 1484 3896 in
1505 3832 1558 3897 his
1582 3832 1638 3918 qui
1663 3827 1790 3897 terrent
1815 3829 2003 3912 Christum,
2035 3831 2102 3901 hoc
2133 3843 2203 3913 est,

191 3924 382 3979 sanctorum
403 3934 466 4000 pro
488 3911 581 3998 alijs,
613 3936 680 3981 nun
711 3936 811 3983 secus
833 3938 874 3982 ac
896 3920 1011 3983 merita
1033 3918 1169 3998 Christi,
1220 3918 1276 4003 qui
1303 3917 1462 3983 docerent
1489 3915 1724 4004 Euangelium,
1753 3930 1811 3983 eut
1838 3916 2093 3995 confiterentur,
2120 3918 2202 4003 quis

191 4007 224 4062 et
250 4002 417 4084 proprium
440 3998 564 4066 Christi
595 4002 755 4068 honorem
789 4003 823 4068 in
856 4017 994 4070 sanctos
1027 4006 1169 4073 transie-
1220 4022 1364 4069 necesse
1384 4005 1428 4069 sit
1450 4004 1564 4070 subire
1585 4006 1727 4069 maxima
1747 4001 1914 4088 pericula,
1936 4003 2064 4068 Deinde
2085 4002 2203 4069 stolidi

190 4094 284 4162 rant,
309 4104 419 4171 neque
446 4088 618 4169 opiniones
645 4109 761 4153 eorum
789 4091 831 4153 de
853 4087 943 4154 cultu
965 4103 1169 4170 sanctorum,
1220 4090 1374 4154 monachi
1404 4090 1492 4173 apud
1525 4086 1681 4174 populum
1711 4091 1897 4155 docuerunt
1923 4090 2082 4153 inuocare
2104 4086 2204 4155 Chri·

190 4189 301 4322 lii‘
320 4172 1169 4331 ttrrziir‘tlttrttitrt‘'liutizi‘
1220 4172 1654 4327 trithemii
1675 4172 2103 4347 tititrisltuit
2120 4175 2204 4327 ‘ti

188 4362 277 4406 uem·
287 4339 519 4408 collocandam
541 4362 637 4422 esse,
664 4347 740 4430 quia
767 4344 852 4411 haec
873 4344 950 4413 sola
971 4345 1072 4414 habet
1092 4372 1169 4436 pro·
1220 4350 1268 4415 rei
1296 4284 1593 4431 publicaeqvtiles‚
1622 4344 1674 4411 vel
1702 4348 1911 4413 continentes
1939 4347 2068 4431 priuata
2089 4307 2203 4412 ehem

189 4429 380 4494 missionem
403 4428 477 4493 Dei.
521 4429 652 4496 Scimus
675 4429 783 4497 solius
806 4431 929 4497 Christi
957 4436 1073 4500 merita
1094 4458 1168 4520 pro·
1219 4433 1286 4518 ple,
1309 4452 1447 4520 quarum
1462 4436 1515 4509 82)
1538 4434 1817 4511 commemoratio,
1842 4444 1909 4498 tum
1930 4433 1975 4499 od
1997 4430 2094 4497 iidem
2117 4451 2202 4497 con·

189 4512 399 4597 piciationem
425 4535 488 4598 pro
515 4516 612 4579 uobis
641 4536 731 4582 esse.
780 4517 922 4603 Propter
949 4518 1075 4586 Christi
1101 4544 1168 4587 me·
1219 4520 1430 4594 firmandam,
1459 4519 1592 4583 turned
1619 4519 1839 4583 imitacionem
1860 4519 1894 4583 in
1915 4520 2017 4585 rebus
2041 4516 2204 4669 {ersendis

189 4597 254 4662 rita
282 4612 472 4684 reputamur
500 4601 592 4679 iusti,
622 4623 697 4668 cum
720 4605 884 4668 credimus
912 4606 946 4669 in
969 4625 1059 4684 eum,
1081 4609 1168 4673 sicut
1219 4604 1356 4672 multum
1385 4604 1602 4683 conduceret,
1634 4602 1696 4669 has
1728 4623 1826 4672 nemo
1854 4624 1897 4670 ex
1930 4605 2019 4671 reris
2073 4604 2203 4692 istosijs

188 4692 301 4748 textus
323 4687 377 4750 ait
423 4687 551 4753 Omnes
572 4688 628 4773 qui
649 4688 820 4755 confidunt
840 4691 874 4755 iu
892 4711 979 4770 eum,
999 4712 1069 4757 uon
1088 4713 1168 4759 con·
2170 4707 2172 4711 ’

1217 4898 1266 4963 28)
1282 4897 1341 4947 Nec
1359 4906 1399 4948 est
1415 4898 1598 4948 confidendum
1617 4923 1648 4934 -
1669 4897 1761 4946 bestss
1778 4893 1906 4964 virginis]
1924 4896 2006 4948 Μία,
2024 4897 2120 4948 ss—Cr
2142 4895 2206 4949 Bes

190 5006 604 5080 23)q„01110.b0t'qu·3·,3p.
625 5030 688 5066 m
706 5015 843 5078 iculum.
1286 4968 1453 5016 iustificantur
1470 4966 1566 5016 iiducia
1583 4966 1736 5016 meritorum
1753 4963 1785 5015 B.
1804 4965 1932 5030 Virginis,

448 5097 454 5107 .
899 5103 905 5114 ,
1081 5105 1087 5117 ,
1218 5051 1266 5119 29)
1284 5050 1371 5117 plane]
1389 5051 1438 5101 lid.
1456 5052 1496 5102 3.:
1514 5053 1608 5117 planae

191 5095 239 5162 ἠ
256 5096 1168 5223 tii{retriutoremstur:{hitterii
1218 5138 1266 5205 ³⁰>
1284 5135 1350 5206 ra]
1369 5136 1452 5189 nnn
1470 5137 1564 5188 ²-⁴·=
1582 5144 1643 5202 ut·

261 5235 327 5293 cari,
350 5248 404 5283 non
421 5233 518 5282 dducis
538 5237 688 5286 meritorum
708 5236 741 5287 B.
766 5237 831 5302 (su
849 5243 889 5292 tr
912 5238 1025 5306 Bestss)
1048 5240 1168 5306 Virginis
1217 5226 1266 5289 3¹)
1283 5224 1376 5290 i1²⁸³¹¹¹l
1394 5222 1443 5273 Ed·
1461 5224 1486 5274 3·
1505 5223 1580 5274 ”¹0²
1599 5224 1683 5289 51³⁵um

259 5300 605 5354 nemorumnemorum
1021 5326 1024 5333 ·
1217 5310 1266 5375 32)
1283 5306 1401 5377 qum]
1419 5308 1469 5360 m,
1488 5312 1529 5359 4,;
1547 5323 1658 5375 quom
