4786 6210
98 747 102 753 ,
213 675 296 738 tinet
322 671 413 756 quod
441 666 567 733 Paulus
594 669 660 745 ait,
689 664 851 751 Reposito
878 677 933 730 est
958 666 1037 730 mihi
1066 685 1196 737 corona*

213 401 278 467 all
587 396 600 447 ἕ
659 393 772 461 t‘tttl.
793 390 1108 459 hlBh..SClilB'l'h'
1128 388 1400 457 bochartus
1420 389 1478 457 ΕΤ
1500 389 1771 461 statuentes.
2162 397 2232 466 ota

180 553 196 579 '
214 588 308 662 Quos
329 583 535 660 lmffimn’
559 582 752 646 εὐωποὶ
773 577 985 664 3¹⁰¹lfi⁰⁰¹¹lt¹
1022 580 1097 645 ¹¹¹⁶
1117 599 1192 663 Pei·
1215 604 1221 723 Ι
1243 588 1418 729 ὲῗῃῐὶῑῗ
1446 589 1577 726 naturas
1592 577 1698 728 lestis,
1728 599 1815 665 quae
1844 583 1923 666 quia
1948 581 2104 670 longiora
2133 599 2229 666 sunt,

213 759 376 834 tentatae,
400 775 500 840 quam
511 754 629 818 reddet
642 750 719 816 mihi
730 752 884 816 dominus
895 754 1004 817 iustus
1014 752 1197 816 ludente..
1254 683 1311 802 ,ω
1334 684 1367 729 m
1404 682 1467 727 ⁰⁰⁰
1491 683 1556 746 exp
1571 684 1643 730 ¹⁰⁸⁰
1668 686 1689 729 ⁰
1710 678 1816 734 euml

1331 747 1587 834 Verumrrgent
1598 752 1798 838 aduersarij,
1820 755 1908 838 quod
1920 757 2056 839 proprie
2071 777 2227 824 merean-

213 843 367 909 Debetor
395 841 481 905 enim
509 859 635 903 corona
664 837 851 901 iustificatis
884 851 1020 922 propter
1052 837 1193 921 promis·
1243 832 1419 899 turritam
1440 848 1610 901 aeternam
1633 838 1723 903 bona
1750 859 1869 922 opera,
1897 842 1975 925 quia
1996 839 2120 908 Paulus
2143 847 2227 913 dicit

214 932 354 995 sionem.
376 924 420 991 Et
429 924 519 989 hanc
530 924 784 1008 promissionem
795 924 885 988 scire
896 935 1035 988 sanctos
1048 935 1193 1006 oportet,
1243 917 1361 983 Roma.
1385 920 1420 1004 ij.
1456 918 1586 986 Reddet
1606 923 1784 1008 vnicuique
1805 928 1989 991 secundum
2012 948 2116 1012 opera
2139 933 2224 997 eius,

214 1036 282 1081 non
304 1026 341 1079 vt
362 1022 504 1096 propter
525 1029 621 1074 suum
645 1011 854 1073 commodum
872 1005 1037 1086 laborent,
1059 1007 1193 1073 Debent
1243 1006 1336 1087 item,
1358 1002 1484 1088 gloria,
1507 1005 1632 1086 honor,
1656 1015 1689 1073 et
1712 1030 1780 1093 pax
1803 1013 1891 1075 omni
1915 1016 2068 1096 operanti
2087 1017 2225 1086 bonum.

215 1104 303 1166 enim
318 1096 479 1162 laborare
501 1106 637 1179 propter
659 1095 801 1180 gloriam
823 1093 901 1172 Dei,
914 1096 984 1158 sed
1007 1115 1049 1160 ne
1071 1095 1190 1177 despe-
1243 1088 1358 1155 lohan.
1370 1111 1403 1154 r.
1417 1094 1472 1176 qui
1484 1093 1573 1156 bona
1583 1090 1746 1171 lecerunt,
1768 1096 1799 1158 in
1823 1100 2103 1164 resurrectionem
2121 1104 2223 1183 vitae,

213 1198 288 1251 rent
307 1186 341 1248 in
363 1174 616 1257 afflictionibus,
639 1182 727 1245 scire
748 1198 809 1245 eos
831 1192 963 1265 oportet
983 1179 1191 1245 voluntatem
1243 1174 1455 1242 blattam.
1489 1176 1633 1256 Esuriui,
1652 1191 1685 1243 et
1697 1181 1837 1245 dedistis
1850 1181 1927 1248 mihi
1938 1186 2143 1253 manducare
2154 1201 2222 1255 eto.

213 1271 296 1348 Dei,
351 1271 419 1333 uoti
448 1263 526 1331 velit
559 1285 620 1330 ecs
653 1268 827 1343 adiuuare,
860 1266 1005 1349 eripere,
1037 1284 1187 1331 seruata.
1242 1260 1279 1325 ln
1302 1262 1355 1325 his
1377 1259 1464 1328 locis
1485 1273 1519 1327 et
1540 1262 1705 1330 similibus
1727 1268 1892 1346 omnibus,
1916 1271 2093 1353 inquibus
2116 1293 2222 1356 opem

215 1357 289 1423 Etsi
311 1290 408 1420 alltet·
429 1350 581 1438 perfeeti,
602 1349 701 1416 aliter
711 1351 831 1416 infirmi
844 1353 980 1416 audiunt
990 1354 1191 1416 mentionem
1242 1344 1665 1433 laudanturinscripturis,
1688 1371 1831 1417 necesse
1854 1367 1908 1419 est
1930 1353 2131 1442 intelligere,
2153 1381 2224 1427 nou

215 1461 398 1528 poenarum
416 1451 450 1505 ct
468 1438 680 1522 premiorum.
713 1437 798 1502 Nam
819 1436 939 1501 infirmi
960 1435 1116 1503 laborant
1137 1439 1190 1502 sui
1244 1443 1519 1498 tantumcxterna
1537 1454 1654 1519 opera,
1676 1438 1739 1501 sed
1758 1436 1857 1504 iidem
1875 1442 1972 1504 etiam
1995 1444 2122 1522 cordis,
2144 1447 2223 1530 quia

215 1526 379 1595 commodi
410 1545 521 1591 causa.
578 1520 621 1586 Et
647 1536 759 1587 tamen
781 1523 967 1608 predicatio
990 1525 1191 1606 premiorum
1216 1537 1218 1541 ⁴
1242 1528 1407 1601 scrtptura
1425 1540 1495 1584 non
1517 1518 1664 1605 loquitur
1686 1523 1728 1586 de
1751 1522 1934 1610 hypocrisi,
1956 1528 2016 1592 sed
2034 1529 2077 1594 de
2088 1533 2222 1597 iusticia

85 1662 89 1668 -
214 1628 247 1681 et
267 1623 448 1699 poenarum
469 1610 663 1675 necessaria
685 1621 746 1674 est.
791 1608 827 1673 ln
856 1610 1082 1693 predicatione
1110 1628 1190 1691 poe·
1243 1606 1356 1670 cordis
1379 1623 1455 1670 cum
1476 1604 1641 1672 fructibus
1665 1610 1747 1674 suis.
1782 1608 1922 1682 Quoties
1940 1625 2049 1679 autem
2072 1613 2110 1679 fit
2132 1638 2222 1682 men·

212 1720 330 1765 narum
352 1699 403 1761 ira
424 1694 489 1760 Dei
512 1696 717 1772 ostenditur,
738 1714 843 1780 quare
863 1694 908 1758 ad
929 1695 1190 1778 predicationem
1241 1691 1296 1755 cio
1318 1687 1404 1774 legis
1428 1701 1463 1755 et
1485 1711 1640 1774 operum,
1668 1694 1841 1761 sciendum
1863 1709 1935 1776 est,
1966 1701 2055 1783 quod
2084 1705 2222 1769 nonsit

213 1785 435 1871 poenitentiae
463 1783 615 1864 pertinet.
658 1780 695 1844 ln
722 1779 950 1866 predicatione
975 1781 1189 1864 premiorum,
1241 1774 1474 1858 excludendus
1498 1776 1653 1844 Christus
1675 1782 1848 1846 mediator.
1894 1783 1927 1847 ls
1954 1796 2008 1850 est
2034 1788 2123 1851 enim
2144 1787 2221 1855 finis
2264 1833 2267 1837 -

214 1873 320 1958 gratia
342 1869 538 1946 ostenditur,
558 1866 601 1931 Et
621 1866 709 1931 sicut
730 1867 899 2015 scriptura
909 1885 1012 1949 saepe
1022 1868 1191 1933 mentione
1240 1859 1339 1947 legis,
1362 1873 1396 1926 et
1417 1862 1490 1944 lpse
1511 1864 1629 1949 inquit,
1654 1864 1734 1931 Sine
1756 1887 1809 1931 me
1830 1867 1913 1933 nihil
1934 1874 2075 1954 potestis
2092 1869 2220 1942 iacere.

215 1959 379 2021 bonorum
410 1974 547 2038 eperum
576 1950 675 2016 iidem
704 1971 801 2034 comp
816 1953 954 2029 emitur,
989 1949 1075 2026 Vult
1101 1952 1189 2017 euim
1240 1946 1293 2011 Ex
1325 1946 1392 2012 hoo
1425 1946 1563 2014 Canone
1602 1951 1742 2016 diximus
1771 1973 1904 2041 supra,
1944 1958 2083 2023 iudicari
2115 1980 2222 2043 posse

216 2039 392 2127 complecti
413 2039 578 2104 iusticiam
599 2038 711 2101 cordis
730 2058 806 2103 cum
826 2035 1002 2115 fructibus,
1024 2035 1073 2103 lta
1089 2040 1188 2102 inter·
1240 2053 1356 2098 omnes
1380 2033 1475 2099 iocos
1499 2037 1541 2100 de
1558 2038 1724 2121 operibus.
1760 2038 2218 2132 Quarecumoperibusred·

215 2129 293 2192 dnm
320 2147 395 2190 cum
424 2124 501 2210 alijs
528 2123 682 2208 premijs,
716 2122 816 2188 simul
843 2121 940 2188 offert
966 2125 1124 2208 gratiam,
1152 2135 1188 2187 vt
1240 2119 1328 2183 ditur
1348 2121 1417 2184 vita
1439 2130 1590 2197 aeterna,
1614 2122 1762 2188 redditur
1782 2125 1984 2207 iustificatis,
2007 2133 2085 2215 quia
2105 2150 2218 2218 neque

214 2209 386 2297 Esalviij.
409 2221 443 2275 et
463 2230 565 2292 saepe
585 2208 671 2274 alias
694 2210 785 2295 apud
803 2206 1000 2293 Prophetas.
1033 2208 1189 2274 Fatemur
1239 2206 1325 2269 bene
1348 2208 1479 2290 operari
1500 2219 1643 2292 possunt
1663 2207 1833 2289 homines,
1860 2213 1924 2277 nisi
1945 2214 2131 2290 iustificati,
2160 2219 2218 2303 qui

215 2311 249 2364 et
269 2299 353 2376 hoc,
374 2298 464 2382 quod
486 2315 589 2381 saepe
611 2297 723 2360 testati
745 2315 878 2372 sumus,
900 2296 989 2379 quod
1014 2297 1077 2358 etsi
1095 2295 1188 2359 iusti·
1243 2300 1388 2377 aguntur
1409 2294 1527 2376 spiritu
1538 2293 1672 2360 Christi.
1706 2295 1777 2361 Nec
1795 2300 1868 2362 sine
1885 2301 2068 2367 mediatore
2078 2301 2217 2369 Christo
2306 2380 2309 2385 ,

214 2386 327 2449 ficatio
356 2395 386 2447 et
413 2383 482 2447 vita
507 2395 645 2446 aeterna
673 2383 717 2446 ed
742 2379 842 2445 fidem
868 2382 1050 2465 pertinent,
1077 2393 1189 2445 tamen
1241 2389 1275 2442 et
1295 2377 1362 2441 tide
1387 2374 1524 2460 placent
1552 2381 1642 2446 bona
1667 2400 1770 2466 opera
1799 2384 1892 2449 iuxta
1919 2384 2020 2467 illud,
2047 2389 2129 2455 Sine
2151 2390 2218 2456 lide

214 2472 305 2535 bona
336 2488 440 2552 opera
472 2479 658 2532 mercantur
687 2465 756 2531 elia
783 2467 909 2549 premia
938 2486 980 2532 co
1044 2464 1127 2530 ralia
1154 2479 1189 2531 et
1240 2462 1445 2546 impossibile
1478 2477 1529 2529 est
1562 2464 1696 2549 placere
1727 2465 1821 2547 Deo,
1854 2469 1936 2535 Cum
1970 2474 2048 2543 dicit
2076 2473 2218 2556 Paulus,

214 2554 412 2641 spiritualia,
435 2563 468 2617 et
489 2553 613 2639 gradum
636 2552 853 2636 premiorum,
874 2553 965 2618 iuxta
989 2549 1069 2616 'iud
1091 2551 1189 2616 linus
1240 2546 1372 2614 Reddet
1398 2550 1576 2636 vnicuique
1601 2555 1786 2619 secundum
1818 2574 1919 2640 opera
1952 2560 2039 2638 eius,
2074 2559 2217 2648 intelligi

216 2643 358 2727 quisque
388 2640 528 2725 accipiet
555 2639 744 2705 mercedem
776 2639 868 2703 iuxta
899 2658 997 2702 suum
1027 2635 1189 2716 laborem,
1240 2637 1341 2700 debet
1360 2656 1428 2700 non
1450 2647 1577 2702 tantum
1597 2659 1681 2786 opus
1700 2651 1886 2720 externum,
1910 2645 1971 2708 setl
1990 2655 2061 2710 tota
2070 2648 2215 2727 iusticia,

215 2728 300 2792 Nam
327 2726 460 2791 iusticia
480 2722 674 2809 Euangelij,
701 2743 787 2808 quae
812 2735 969 2788 versatur
996 2725 1087 2788 circa
1115 2742 1190 2808 pro·
1240 2719 1296 2786 rel
1313 2722 1490 2786 iniusticia.
1524 2724 1582 2788 Sic
1603 2724 1711 2808 goria
1733 2729 1885 2809 operanti
1906 2730 2041 2808 bonurn,
2063 2730 2128 2796 hoe
2150 2744 2218 2812 ast,

215 2815 409 2879 missionem
431 2811 576 2895 gratiae,
598 2811 703 2895 gratis
724 2810 797 2875 acci
822 2809 848 2873 't
868 2808 1133 2874 iustificationem
1154 2822 1190 2875 et
1240 2808 1340 2872 iusto.
1381 2807 1532 2874 Dedistis
1553 2810 1632 2874 mihi
1653 2812 1866 2878 manducare.
1906 2814 2050 2882 Fructus
2071 2829 2107 2882 et
2124 2820 2217 2884 testi·

214 2899 488 2975 viuificationem‚
516 2895 584 2960 Sed
613 2894 766 2982 implecio
809 2896 898 2981 agis,
925 2914 1012 2980 quae
1038 2896 1190 2980 sequitur
1240 2895 1385 2958 monium
1402 2895 1554 2960 iusticias
1573 2897 1697 2975 cordis,
1720 2909 1753 2962 et
1765 2898 1841 2963 fidei
1852 2897 2029 2987 allegatur,
2052 2902 2218 2970 Redditur
2270 2923 2273 2929 ·

213 2986 314 3051 iidem
335 2993 489 3050 versetur
507 2983 603 3047 eirca
623 2979 744 3068 legem,
767 2984 800 3047 in
821 3002 890 3067 qua
906 3000 974 3044 non
984 2983 1104 3068 gratis,
1126 2984 1189 3048 sed
1241 2981 1341 3067 igitur
1361 2982 1429 3045 vita
1445 2990 1583 3046 aeterna
1599 2983 1759 3058 iusticias.
1792 2985 1847 3049 Ad
1868 2984 1958 3052 hunc
1977 2988 2111 3055 modurn
2133 2993 2219 3056 scri·

214 3091 277 3157 pro
303 3070 430 3134 nostris
457 3068 614 3151 oporibus
642 3067 779 3133 oiiertur
809 3080 844 3132 et
875 3068 1015 3137 debetur
1045 3088 1190 3146 merces,
1240 3077 1336 3151 ptura
1357 3063 1455 3131 simul
1477 3066 1706 3153 complectitur
1727 3071 1891 3137 iusticiam
1912 3076 2026 3138 cordis
2049 3095 2124 3141 cum
2146 3074 2219 3143 sm·

216 3156 284 3221 Sed
307 3156 363 3239 qui
385 3153 474 3217 hanc
494 3166 674 3232 morentur,
691 3156 788 3237 prius
798 3150 969 3218 iustificati
978 3166 1072 3233 sunt,¹
1090 3174 1189 3240 quam
1242 3153 1368 3230 etibus,
1399 3150 1442 3216 Et
1463 3172 1566 3239 saepe
1586 3152 1716 3221 fructus
1738 3159 1904 3235 nominat,
1932 3168 1969 3225 vt
1990 3162 2033 3224 ab
2055 3161 2218 3247 imperitis

215 3240 325 3325 legem
348 3235 617 3323 renuntioque
635 3241 731 3323 prius
753 3237 1190 3326 sunttranslatiinregnom
1242 3239 1352 3324 magis
1375 3234 1599 3324 intelligatur,
1623 3252 1658 3307 et
1684 3254 1719 3306 vt
1748 3242 1914 3327 significet
1941 3247 2065 3332 requiri
2093 3267 2219 3314 nouam

216 3325 276 3412 filij
300 3324 383 3402 Dei,
405 3335 441 3390 vt
464 3321 588 3390 Paulus
610 3325 672 3402 ait,
693 3336 728 3390 et
743 3323 823 3390 facti
845 3322 1030 3391 coheredes
1053 3323 1188 3391 Christi.
1244 3326 1348 3389 vitam
1359 3336 1393 3389 et
1403 3329 1702 3409 regenerationem,
1723 3348 1791 3392 non
1803 3329 2009 3414 hypocrisin.
2041 3332 2095 3396 Fit
2104 3345 2219 3400 antem

215 3412 285 3479 Sed
307 3410 510 3495 aduersarij,
540 3410 671 3495 quoties
701 3411 743 3475 de
771 3411 889 3488 merito
911 3411 1051 3489 dicitur,
1078 3412 1189 3476 statim
1242 3410 1452 3496 regeneratio
1474 3410 1541 3477 fide
1561 3413 1596 3476 in
1616 3415 1826 3496 poenitentia.
1880 3417 1986 3481 Nemo
2008 3436 2111 3485 sanus
2134 3421 2219 3486 iodi-

215 3494 422 3564 transferunt
447 3517 519 3561 rem
546 3516 567 3559 a
596 3493 731 3581 reliquis
758 3497 913 3582 premijs,
950 3498 993 3561 ad
1033 3495 1190 3562 iustiiica·
1242 3516 1321 3561 care
1341 3495 1438 3560 aliter
1459 3507 1581 3580 potest,
1602 3519 1666 3563 nec
1685 3518 1750 3563 nos
1772 3497 1917 3586 aliquam
1939 3504 2088 3569 ociosam
2109 3507 2220 3571 subti-

214 3586 350 3662 tionem,
362 3602 436 3648 cum
446 3578 664 3668 Euangelium
677 3583 781 3668 gratis
793 3581 910 3648 oilerat
920 3580 1188 3648 iustificationem
1241 3581 1368 3648 litatem
1400 3579 1455 3646 hic
1486 3582 1697 3662 affectamus,
1734 3596 1772 3650 vt
1803 3584 2000 3652 diuellamns
2032 3586 2163 3656 fructus
2197 3613 2220 3658 a

214 3681 353 3757 propter
363 3666 486 3733 Christi
498 3669 625 3739 merita,
646 3689 715 3732 non
734 3681 861 3748 nostra,
882 3665 1051 3817 {imerito
1062 3667 1188 3734 Christi
1241 3668 1372 3733 iusticia
1395 3669 1526 3748 cordis,
1553 3672 1583 3733 si
1610 3681 1737 3751 tantum
1763 3672 1948 3760 aduersarii
1974 3677 2224 3757 concesserint,

214 3754 497 3821 communicantur
522 3753 622 3818 nobis
649 3773 710 3839 per
736 3753 844 3819 iidem.
916 3767 1065 3820 aeterum
1085 3775 1189 3839 opera
1241 3755 1332 3840 quod
1354 3750 1485 3818 i'ructus
1507 3768 1643 3839 propter
1664 3757 1762 3820 iidem
1774 3768 1807 3820 et
1817 3759 2034 3826 mediatorem
2046 3760 2218 3830 Christum

214 3852 249 3907 et
275 3838 477 3905 afflictiones
503 3849 691 3918 merentur,
717 3860 786 3905 non
814 3839 1098 3918 iustificationem,
1127 3840 1189 3905 sed
1240 3837 1411 3924 placeant,
1440 3860 1508 3905 non
1535 3844 1602 3905 sint
1628 3862 1687 3925 per
1713 3862 1808 3920 sese,
1838 3845 1929 3931 digni
1958 3848 2066 3932 gratia
2095 3859 2128 3913 et
2149 3850 2219 3915 vita

211 3924 281 3991 elia
301 3927 444 4009 premia,
474 3937 509 3990 vt
531 3927 563 3988 in
584 3924 637 3989 his
655 3926 847 4012 sententijs,
876 3944 1006 3991 merces
1030 3927 1189 4010 operibus
1240 3936 1389 3990 aeterna.
1421 3925 1497 3990 lioc
1514 3929 1600 3993 enim
1615 3928 1890 4014 reprehendimus
1903 3932 1935 3994 in
1947 3933 2220 4000 aduersariorum

215 4012 361 4077 offertur.
387 4009 472 4083 ‘Qui
495 4013 776 4093 parceseminat,
805 4032 907 4094 parce
931 4022 1049 4091 metet,
1078 4023 1112 4075 et
1133 4011 1188 4097 qui
1241 4011 1409 4090 doctrina,
1436 4012 1527 4097 quod
1556 4012 1678 4079 talibus
1705 4012 1789 4079 locis
1813 4017 1997 4099 scripturae
2019 4039 2082 4084 seu
2103 4018 2220 4084 Philo·

214 4096 353 4183 largiter
374 4097 531 4174 seminat,
558 4094 696 4181 largiter
716 4109 826 4162 metet.
871 4097 934 4164 llic
955 4096 1046 4161 clare
1066 4099 1188 4162 modus
1240 4098 1380 4181 sophico
1404 4118 1466 4162 seu
1488 4099 1619 4164 ludaico
1642 4120 1735 4164 moro
1755 4100 1934 4167 intellectis
1955 4103 2093 4169 abolent
2121 4106 2218 4170 iusti·

214 4185 392 4262 mercedis,
412 4183 455 4246 ad
477 4181 610 4246 nrodum
634 4184 745 4265 operis
768 4178 948 4248 confertur.
981 4185 1188 4268 Honorepa·
1241 4186 1325 4249 ciam
1347 4181 1436 4260 fidei,
1458 4196 1492 4247 et
1513 4183 1693 4251 excludunt
1713 4187 1928 4252 mediatorem
1947 4187 2128 4256 Christum.
2162 4190 2219 4256 Ex

213 4281 298 4336 trem
319 4283 352 4335 et
375 4280 525 4346 matrem,
545 4279 582 4332 vt
603 4269 651 4332 sis
673 4265 839 4373 iongeuus
859 4282 1112 4353 superterram.
1146 4268 1190 4332 Et
1240 4270 1293 4333 his
1312 4266 1400 4332 locis
1411 4272 1663 4350 ratiocinantur,
1685 4274 1776 4356 quod
1797 4274 1882 4338 haec
1901 4295 2007 4358 'opera
2024 4290 2219 4343 mereantur

212 4356 269 4420 iric
291 4355 448 4441 proponit
469 4351 524 4418 lex
542 4365 636 4419 certo
653 4374 745 4438 opert
758 4354 956 4420 mercedem.
991 4353 1189 4440 Quanquam
1241 4354 1394 4442 gratiam,
1415 4352 1499 4419 alias
1522 4358 1564 4421 de
1586 4378 1749 4443 congruo,
1772 4355 1857 4423 alias
1879 4362 1922 4424 de
1940 4363 2118 4447 condigno,
2140 4383 2221 4429 oum

214 4442 315 4527 igitur
337 4438 423 4525 legis
450 4437 601 4523 implecio
631 4453 777 4505 meretur
806 4442 1005 4506 mercedem.
1049 4439 1189 4525 Proprie
1240 4438 1396 4506 videlicet
1418 4442 1548 4506 accedit
1571 4441 1722 4522 dilectio,
1751 4445 1878 4524 idest,
1907 4449 1997 4531 quod
2024 4447 2220 4529 iustificant,

216 4528 304 4592 enim
326 4544 455 4590 merces
475 4527 521 4590 ad
542 4524 839 4615 legempertinet,
865 4537 975 4590 tamen
1001 4527 1190 4590 meminisse
1241 4539 1275 4591 ct
1295 4527 1374 4611 quia
1394 4526 1460 4590 sint
1481 4528 1629 4607 iusticia,
1658 4531 1760 4616 digna
1781 4532 1848 4594 sint
1869 4535 1938 4596 vita
1959 4546 2108 4599 aeterna.
2152 4534 2243 4601 llic‘

78 4670 81 4679 .
217 4631 280 4676 nos
303 4608 476 4696 Euangelij
499 4624 645 4695 oportet,
676 4611 766 4697 quod
829 4612 892 4676 atis
914 4611 1012 4677 offert
1033 4611 1190 4676 iustiliae·
1237 4632 1336 4683 ,emor
1357 4609 1530 4678 manifeste
1558 4612 1671 4679 abolet
1699 4617 1862 4682 iusticiam
1888 4617 1981 4695 fidei,
2010 4639 2096 4705 quae
2117 4621 2221 4684 sentit

217 4699 342 4762 tionem
351 4708 489 4782 propter
499 4696 679 4782 Christum,
700 4696 774 4762 Nec
808 4716 905 4783 egem
925 4699 1017 4781 prius
1038 4695 1191 4775 iacimus,
1212 4745 1218 4793 ,
1241 4699 1331 4783 quoti
1352 4717 1529 4764 accessum
1550 4702 1595 4765 ad
1616 4699 1726 4766 Deum
1753 4702 1936 4768 habeamus
1963 4717 2101 4790 propter
2123 4702 2221 4770 Chri·
2308 4759 2310 4774 .

216 4795 275 4848 aut
295 4779 410 4848 iacere
430 4802 610 4868 possumus
633 4804 733 4871 quam
754 4781 960 4849 reconciliati
983 4782 1078 4861 Deo,
1101 4784 1191 4849 iusti·
1241 4797 1345 4863 stum,
1375 4805 1442 4849 non
1464 4797 1601 4870 propter
1620 4806 1724 4870 opera
1745 4801 1880 4864 nostra,
1909 4811 1995 4875 quae
2022 4792 2125 4856 sentit
2152 4809 2221 4858 nos

216 4868 323 4944 ficati,
357 4880 390 4934 et
421 4870 528 4933 renati
559 4884 686 4934 sumus.
736 4868 821 4933 Nec.
835 4865 893 4932 iila
921 4865 1006 4953 legis
1037 4866 1190 4953 implecio
1212 4798 1217 4953 Ι
1240 4889 1302 5018 per
1328 4869 1518 4954 pontificem
1547 4883 1580 4936 et
1601 4872 1817 4939 mediatorem
1827 4873 2010 4964 *Christum
2032 4878 2152 4943 adduci
2175 4877 2223 4942 ad

251 4965 365 5019 aceret
382 4954 479 5032 Ceo,
505 4955 569 5019 nisi
595 4965 731 5040 propter
749 4954 852 5019 iidem
873 4952 1188 5040 essemusacuepti,
1213 4959 1218 4976 “
1269 4965 1387 5034 auem,
1408 4966 1442 5022 et
1462 4957 1587 5023 habere
1608 4956 1775 5044 placatum
1796 4971 1937 5046 patrem,
1950 4976 1995 5027 rt
2018 4983 2123 5047 supra
2133 4965 2222 5029 satis

215 4954 258 5105 ll
295 5039 374 5125 quia
409 5039 563 5105 homines
604 5051 742 5124 propter
784 5039 884 5105 iidem
927 5051 1008 5106 suut
1047 5040 1191 5128 accepti,
1240 5040 1439 5108 dictumest.
1473 5040 1517 5107 lit
1538 5042 1624 5109 haec
1646 5045 1866 5137 doct.rinade
1885 5047 2015 5113 iusticia
2036 5049 2128 5139 fidei,
2149 5052 2223 5114 non

213 5123 548 5278 ‘castret
562 5121 660 5275 tra
858 5120 1191 5277 rasore
1240 5124 2223 5286 etsaeternae-‘ercamer.r:

212 5231 347 5364 ltltltlriue
366 5296 533 5362 mercedis
553 5229 826 5385 plaer'aqualttte
846 5295 902 5362 hio
922 5297 1021 5367 mam
1037 5298 1109 5364 dici
1129 5316 1189 5383 po·
1240 5233 1394 5364 doctrlha
1414 5299 1675 5381 iustificationis,
1704 5315 1832 5369 tanturn
1860 5240 1927 5371 esl²
1940 5263 2092 5372 doctrina
2118 5239 2224 5394 legis.
