4756 6194
79 330 147 398 saa
360 388 363 393 .
530 326 644 397 nnn.
663 326 769 396 nur..
791 302 980 394 sonum
999 320 1270 394 nonnanes
1287 325 1345 405 cr
1364 324 1636 395 sunnonem
1922 340 1933 351 ·
2034 321 2106 391 tue

83 517 407 604 concupiscentiam,
427 537 496 582 non
517 528 644 583 tantum
665 527 762 583 actus
784 535 845 581 seu
866 513 995 581 hactus
1015 515 1065 581 iu-
1115 516 1190 584 ciat
1233 514 1402 591 Quorsum
1425 532 1512 600 opus
1540 515 1602 580 erit
1630 512 1750 581 siritu
1775 523 1911 594 undo,
1945 514 1977 579 si
2007 514 2102 580 vires

82 603 277 693 telligimus,
300 606 362 669 sed
384 614 579 689 perpetuam
601 616 740 668 naturae
760 600 1019 668 inclinationem.
1114 602 1277 670 humanae
1298 622 1359 687 per
1380 620 1457 665 sese
1478 613 1622 685 possunt
1645 535 1754 667 Beum
1782 620 1885 686 super
1908 601 2022 667 omnia
2052 600 2099 666 di·

170 691 240 756 Sed
267 700 387 775 postea
417 690 634 753 ostendemus
666 687 818 772 pluribus
845 688 976 763 verbis,
1005 707 1065 751 no·
1113 686 1240 775 ligere,
1262 699 1296 753 et
1316 697 1496 772 praecepta
1518 686 1582 751 Dei
1610 684 1744 752 lacere?
1787 686 1870 759 Quis
1897 707 1965 752 uon
1995 687 2100 766 videt,

81 778 187 843 'stram
210 776 468 860 descriptionem
491 775 681 841 consentire
704 794 777 838 cum
798 774 920 838 usitata
945 793 988 838 aa
1009 792 1064 838 ve·
1115 795 1214 860 quam
1245 784 1465 860 praepostere
1498 776 1644 838 sentiant
1675 773 1881 857 aduersarij‘t
1934 771 2099 837 Leuiores

84 864 148 930 teri
182 861 380 928 definitione.
437 858 536 924 Prius
576 861 662 924 enim
702 856 878 926 consilium
913 870 1064 925 nostrum
1114 863 1252 927 morbos
1285 862 1319 923 in
1352 868 1473 924 natura
1505 857 1649 924 hominis
1680 869 1890 944 agnoscunt,
1922 858 2100 944 grauiores

84 948 298 1034 aperiendum
333 956 402 1024 est,
435 966 495 1012 cur
525 945 578 1009 his
610 946 817 1030 potissimum
850 946 965 1010 verbis
998 943 1066 1010 hoc
1115 948 1254 1011 morbos
1283 964 1351 1009 non
1384 956 1592 1029 agnoscunt,
1620 946 1662 1008 de
1691 944 1811 1029 quibus
1841 956 1952 1009 tamen
1974 944 2101 1028 ubique

84 1031 163 1101 loco
186 1034 240 1097 vsi
262 1033 375 1097 simus.
407 1031 601 1117 Aduersarij
624 1033 658 1095 in
681 1028 808 1096 scholis
831 1027 977 1096 latentur
998 1050 1065 1094 ma·
1115 1033 1273 1097 admonet
1293 1050 1357 1095 uos
1379 1029 1558 1113 scriptura,
1580 1029 1691 1097 etPro
1716 1028 1813 1094 hetae
1834 1039 1997 1135 perpetuo
2022 1049 2100 1095 cou-

84 1116 204 1186 teriale
225 1126 275 1198 (nt
296 1123 434 1192 vocant)
456 1119 587 1200 peccati
608 1115 782 1203 originalis
805 1136 883 1181 esse
906 1117 1065 1200 concupi·
1088 1112 1092 1191 i
1116 1130 1311 1203 queruntur,
1331 1112 1499 1192 videlicet,
1521 1117 1564 1180 de
1586 1136 1667 1181 carn
1704 1116 1712 1133 ’
1736 1127 1932 1194 securitate,
1954 1116 1997 1180 de
2021 1135 2101 1182 con·

85 1205 266 1283 scentiam,
285 1223 387 1289 quare
407 1206 442 1267 in
464 1204 652 1268 deliniendo
675 1223 742 1267 non
764 1201 825 1267 fuit
850 1213 1066 1286 proetereun-
1088 1196 1092 1289 l
1116 1215 1241 1288 tempto
1262 1201 1344 1279 Dei,
1363 1201 1406 1265 de
1424 1202 1501 1266 odio
1525 1202 1607 1280 Dei,
1635 1214 1668 1266 et
1689 1199 1852 1266 similibus
1874 1201 1965 1286 vitijs
1986 1202 2100 1266 nobis·

86 1291 147 1368 da,
174 1290 370 1373 praesertim
396 1287 463 1354 hoc
485 1302 651 1374 tempore,
680 1309 756 1354 eum
779 1288 821 1353 de
848 1306 888 1352 ea
916 1285 1066 1353 nonnulli
1088 1296 1092 1373 ἡ
1117 1310 1192 1354 cum
1214 1289 1322 1367 natis,
1344 1285 1414 1350 Sed
1436 1299 1612 1372 postquam
1636 1284 1831 1352 scholastici
1853 1288 2103 1353 admiscuerunt

86 1396 203 1460 parum
225 1373 382 1460 religiose
404 1372 695 1459 philosophantur.
775 1434 780 1444 ,
1089 1375 1288 1445 idoctrinae
1311 1370 1537 1449 Christianae,
1561 1371 1809 1457 Philosophiam
1832 1374 1874 1439 de
1894 1370 2102 1458 perfectione

175 1460 316 1533 Quidam
338 1461 424 1525 enim
447 1461 629 1545 disputant,
651 1471 827 1544 peccatum
838 1459 976 1545 originis
999 1479 1066 1522 non
1090 1454 1265 1531 ¹·naturae,
1287 1468 1321 1523 et
1343 1456 1536 1542 plusquam
1558 1460 1641 1523 satis
1663 1471 1753 1538 erat,
1775 1456 1883 1524 libero
1905 1460 2047 1525 arbitrio
2069 1469 2103 1523 et

88 1566 166 1612 esse
187 1546 324 1633 aliquod
352 1547 385 1609 in
415 1556 535 1611 natura
559 1546 703 1611 hominis
731 1545 873 1623 vicium,
904 1563 966 1609 seu
995 1564 1068 1608 cor·
1118 1547 1251 1611 actibus
1280 1541 1401 1609 elicitis
1416 1547 1450 1620 ⁹)
1483 1544 1686 1624 tribuerunt,
1714 1557 1747 1610 et
1773 1545 1924 1610 homines
1953 1541 2104 1630 philoso-

87 1634 286 1716 ruptionem,
304 1633 366 1696 sed
387 1642 514 1696 tantum
537 1632 743 1708 seruitutem,
765 1651 826 1695 seu
845 1630 1068 1694 conditionem
1091 1687 1096 1741 Ι
1117 1632 1218 1717 phion
1239 1651 1301 1695 seu
1324 1626 1412 1695 ciuili
1433 1630 1581 1708 iusticia,
1606 1652 1703 1715 quam
1726 1643 1760 1696 et
1786 1651 1850 1697 nos
1877 1629 2024 1696 fatemur
2052 1651 2104 1694 ra·

87 1719 316 1795 mortalitatis,
340 1737 436 1800 quam
464 1717 642 1802 propagati
669 1736 711 1780 ex
733 1716 842 1781 Adam
871 1717 1069 1794 sustineant,
1091 1744 1096 1785 ι
1120 1718 1202 1783 tioni
1224 1716 1408 1781 subiectam
1432 1734 1529 1793 esse,
1556 1728 1590 1781 et
1611 1714 1723 1801 aliquo
1745 1716 1845 1781 modo
1872 1718 1906 1781 ln
1933 1726 2106 1801 potestate

88 1805 162 1868 sine
185 1801 298 1887 aliquo
320 1802 456 1886 proprio
478 1805 577 1882 vicio,
599 1814 737 1887 propter
758 1800 902 1866 alienam
925 1799 1067 1884 culpam.
1091 1790 1096 1861 Ι
1119 1813 1236 1867 nostra
1258 1820 1355 1878 esse,
1376 1801 1550 1865 iustificari
1572 1821 1684 1866 coram
1706 1799 1782 1866 Deo
1804 1802 2011 1881 docueruut,
2033 1821 2103 1866 non

88 1888 266 1953 Praeterea
288 1889 425 1964 addunt,
448 1891 611 1953 neminem
635 1890 783 1952 damnari
804 1898 912 1952 morte
934 1900 1069 1952 aeterna
1091 1868 1096 1987 l
1119 1898 1297 1973 potuerunt
1307 1887 1422 1952 videre
1437 1887 1625 1951 interiorem
1635 1888 1875 1953 immundiciam
1887 1901 2029 1954 naturae
2041 1885 2104 1953 ho·

88 1983 225 2059 propter
245 1983 418 2056 peccatum
447 1975 604 2059 originis,
637 1973 732 2037 Siout
763 1993 804 2037 ex
834 1969 958 2036 ancilla
978 1973 1070 2037 serui
1092 1992 1097 2062 j
1119 1975 1258 2051 minum,
1280 1972 1397 2056 Neque
1415 1973 1501 2037 enim
1523 1983 1635 2057 potest
1657 1973 1816 2052 iudicari,
1845 1972 1972 2038 nisiex
1995 1975 2103 2039 verbo

88 2070 283 2130 nascuntur,
307 2069 339 2123 et
360 2058 449 2123 hanc
472 2061 694 2124 conditionem
716 2061 788 2123 sine
809 2072 950 2123 naturae
966 2059 1068 2143 vitijs,
1092 2057 1202 2136 ¹1tet,
1232 2058 1323 2142 quod
1350 2055 1544 2124 scholastici
1573 2060 1607 2122 in
1630 2058 1701 2123 suis
1730 2059 2011 2144 disputationibus
2032 2078 2104 2124 nou

88 2146 150 2209 sed
171 2156 309 2229 propter
329 2141 549 2210 calamitatem
573 2145 687 2209 matris
715 2146 897 2222 sustinent,
919 2143 1011 2222 Nos,
1033 2154 1070 2207 vt
1120 2163 1225 2228 saepe
1247 2154 1402 2208 tractant.

88 2227 177 2295 hanc
203 2232 334 2313 impiam
367 2229 555 2314 opinionem
583 2228 847 2315 significaremus
876 2230 974 2294 nobis
1002 2228 1097 2299 dis-,t
1207 2228 1281 2293 llae
1300 2227 1434 2294 fuerunt
1456 2248 1597 2313 causae,
1628 2250 1688 2296 cur
1709 2231 1745 2294 in
1774 2230 1999 2314 descriptione
2026 2249 2106 2312 pec·

88 2313 224 2400 plioere,
248 2318 540 2399 concupiscentiae
558 2318 756 2381 mentionem
773 2313 926 2393 terimus,
943 2315 1068 2398 optimo
1121 2314 1188 2381 cati
1222 2315 1379 2401 originis,
1412 2327 1446 2379 ct
1472 2315 1764 2399 concupiscentiae
1794 2317 1995 2380 mentionem
2023 2316 2107 2382 feci·

88 2400 198 2467 animo
220 2403 357 2465 morbos
380 2402 640 2479 nominauimus,
669 2413 703 2465 et.
724 2401 958 2485 exposuimus,
979 2398 1071 2484 quod
1120 2419 1212 2478 mus,
1244 2412 1279 2464 et
1312 2400 1513 2465 detraximus
1545 2399 1755 2465 naturalibus
1788 2402 1915 2466 viribus
1948 2400 2106 2481 hominis,

89 2499 210 2552 natura
232 2485 398 2551 hominum
419 2497 576 2570 corrupta
598 2498 631 2550 et
652 2487 781 2550 viciosa
801 2498 972 2551 nascatur.
1120 2487 1271 2551 timorem
1300 2499 1334 2550 et
1362 2485 1516 2550 fiduciam
1543 2505 1623 2571 erga
1654 2485 1782 2564 Deum,
1813 2485 1987 2552 Voloimus
2016 2488 2106 2553 enim

176 2571 294 2656 Neque
316 2591 397 2635 vero
420 2582 544 2635 tantum
568 2573 870 2656 concupiscentiam
889 2569 1070 2635 nominaui·
1120 2570 1328 2657 significare,
1363 2572 1453 2654 quod
1484 2584 1658 2654 peccatum
1693 2572 1832 2658 originis
1852 2571 1935 2636 'hos
1970 2591 2108 2658 quoque

90 2675 184 2735 mus,
213 2658 275 2721 sed
304 2656 443 2720 diximus
471 2657 568 2721 etiam
597 2658 718 2722 deesse
747 2659 898 2722 timorem
927 2656 1011 2735 Del,
1038 2665 1071 2719 et
1120 2657 1256 2722 morbos
1282 2658 1468 2735 contineat,
1496 2658 1740 2743 ignorationem
1768 2657 1849 2738 Dei,
1879 2668 2108 2742 contemptum

89 2741 201 2820 fidem,
223 2741 260 2805 ld
278 2739 345 2806 hoc
373 2739 515 2806 consilio
542 2743 734 2807 adiecimus.
778 2741 969 2807 Extenuant
995 2760 1071 2825 pec·
1120 2740 1196 2827 Dei,
1219 2761 1343 2807 vacare
1363 2754 1453 2806 metu
1475 2741 1546 2811 Dei.
1569 2755 1603 2808 ct
1624 2741 1746 2809 fiducia
1768 2762 1851 2829 erga
1878 2742 2003 2821 Deum,
2034 2763 2106 2807 non

89 2839 199 2893 catum
228 2827 375 2913 Originis
405 2838 439 2893 et
461 2824 861 2906 scholasticidoctores,
888 2847 958 2892 non
986 2827 1070 2892 satis
1119 2846 1224 2911 posse
1251 2823 1391 2914 diligere
1418 2826 1537 2893 Deum.
1582 2828 1678 2895 llaec
1702 2841 1781 2893 sunt
1806 2831 1988 2915 praecipua
2014 2830 2107 2895 vicia

88 2909 312 2999 intelligentes
342 2912 566 2979 definitionem
593 2915 724 2999 peccati
753 2910 944 2999 originalis,
972 2933 1072 2999 quam
1119 2922 1261 2979 naturae
1278 2912 1454 2993 humanae,
1475 2915 1659 3002 pugnantia
1680 2916 1816 3000 proprie
1839 2935 1915 2980 cum
1936 2915 2107 2998 primata·

88 3009 292 3084 acceperunt
311 3020 333 3063 a
354 3000 518 3083 patribus.
561 2998 616 3064 De
638 2999 752 3067 fomite
774 3001 959 3085 disputant,
980 2998 1072 3084 quod
1094 3056 1100 3081 ,
1120 2997 1201 3065 bula
1223 2997 1387 3085 decalogi.

91 3086 133 3149 sit
155 3081 298 3168 qualitas
329 3087 500 3170 corporis,
528 3095 563 3149 et
590 3098 627 3150 vt
651 3105 715 3152 suo
740 3104 834 3152 more
862 3085 930 3150 siut
958 3085 1071 3168 inepti,
1206 3084 1325 3169 Neque
1357 3086 1437 3151 noui
1469 3086 1649 3172 quidquam
1677 3085 1829 3150 diximus.
1882 3084 1990 3150 Vetus
2023 3083 2106 3151 defi·

91 3180 254 3254 quaerunt
274 3183 382 3233 utrum
405 3167 548 3253 qualitas
569 3168 645 3250 illa,
669 3182 770 3237 conta
795 3172 872 3236 'oue
891 3170 1000 3256 pomi,
1026 3189 1071 3232 an
1119 3169 1201 3234 nitio
1224 3182 1317 3235 recte
1344 3168 1513 3237 intellecta
1543 3191 1683 3255 prorsus
1709 3171 1797 3236 idem
1824 3171 1920 3250 dicit,
1950 3170 2033 3236 Cum
2059 3173 2105 3236 ait

91 3274 133 3320 eu
152 3249 268 3318 afflatu
286 3256 452 3338 serpentis
475 3264 647 3321 contracta
675 3255 737 3334 sit,
797 3262 883 3321 trum
909 3263 1072 3340 augeatur
1144 3268 1295 3320 eccatom
1317 3257 1455 3342 originis
1476 3258 1657 3321 carentiam
1679 3275 1757 3322 esse
1781 3258 1932 3322 iusticias
1962 3258 2105 3344 origina-

89 3340 349 3406 medicamentis.
394 3336 591 3404 Huiusmodi
620 3342 873 3425 quaestionibus
895 3356 1072 3425 oppresse·
1120 3277 1176 3405 lis.
1231 3339 1320 3413 Quid
1358 3354 1413 3406 est
1449 3352 1559 3405 autem
1599 3342 1752 3407 iusticia?
1807 3339 2014 3409 Scholastici
2045 3344 2103 3409 hic

89 3436 168 3491 runt
188 3421 372 3509 principale
394 3426 588 3510 negocium,
614 3425 730 3511 ltaque
762 3446 836 3490 cum
863 3426 906 3493 de
931 3433 1071 3510 peceato
1092 3437 1101 3509 1
1120 3427 1271 3491 rixantur
1303 3428 1346 3492 de
1378 3424 1563 3492 dialecticis
1593 3429 1864 3514 quaestionibus,
1898 3446 1965 3493 non
2000 3427 2105 3514 expli·

92 3510 241 3597 Originis
263 3508 462 3596 loquuntur,
489 3512 645 3597 grauiora
666 3511 754 3576 vicia
785 3512 952 3576 humanae
978 3521 1073 3575 natu·
1123 3524 1201 3576 cont
1222 3513 1302 3596 quid
1323 3512 1366 3575 sit
1386 3513 1519 3577 iusticia
1542 3510 1733 3600 originalis.
1779 3515 1886 3579 Porro
1909 3513 2040 3579 iusticia
2069 3516 2104 3579 in

90 3618 150 3662 rue
167 3617 235 3661 non
254 3609 526 3676 commemorant,
545 3593 673 3662 scilicet
689 3597 932 3683 ignorationem
945 3598 978 3675 8)
995 3595 1073 3675 Dei,
1122 3597 1314 3680 scripturis,
1339 3599 1486 3663 continet
1508 3618 1576 3662 non
1598 3610 1724 3665 tentum
1746 3601 1928 3665 secundam
1954 3597 2105 3665 tabulam

93 3692 319 3767 contemptum
329 3679 406 3759 Dei,
427 3702 550 3747 vacare
561 3693 652 3748 metu
673 3693 708 3751 et
729 3682 849 3749 fiducia
859 3680 936 3760 Dei,
958 3682 1073 3747 odisse
1122 3679 1253 3747 Decalo
1279 3685 1307 3760 ',
1334 3684 1396 3748 sed
1422 3685 1559 3766 primam
1586 3704 1736 3771 qnoque,
1761 3706 1848 3771 quae
1874 3686 2038 3771 praecipit
2061 3688 2104 3752 de

91 3768 247 3833 iudicium
263 3765 341 3844 Dei,
362 3764 480 3853 fugere
502 3767 609 3833 Deum
631 3769 842 3848 iudicantem,
864 3770 964 3833 irasci
985 3766 1072 3851 Deo,
1123 3771 1241 3833 timore
1254 3703 1338 3846 {leq
1361 3769 1404 3833 de
1426 3768 1505 3846 lide,
1522 3770 1565 3834 de
1585 3791 1700 3836 amore
1721 3770 1795 3836 Dei.
1839 3771 1954 3857 ltaque
1971 3760 2133 3857 iusticial.¹

90 3855 273 3938 desperare
301 3856 459 3940 gratiam,
492 3852 618 3919 habere
646 3853 801 3920 fiduciam
833 3874 942 3919 rerum
976 3874 1072 3939 prae·
1123 3851 1303 3938 Originalis
1324 3852 1479 3921 habitura
1500 3866 1572 3920 erat
1593 3877 1662 3921 non
1684 3853 1793 3922 solum
1815 3854 1956 3943 aequale
1978 3868 2104 3942 tempe·

90 3941 232 4004 sentium
257 3948 320 4002 etc.
364 3937 436 4003 llos
458 3941 612 4017 morbos,
639 3941 696 4025 qui
724 3940 866 4005 maxime
892 3940 1073 4004 aduersau·
1122 3951 1304 4005 ramentum
1323 3939 1516 4025 qualitatum
1535 3943 1698 4024 corporis,
1716 3944 1777 4008 sed
1796 3944 1893 4007 etiam
1905 3943 1990 4006 haec
2002 3944 2103 4020 dona,
2136 3986 2143 4025 ,ι

89 4038 146 4092 tur
163 4023 231 4109 legi
253 4023 335 4104 Dei,
364 4044 432 4089 non
460 4025 726 4090 animaduertunt
764 4023 980 4102 scholastici,
1003 4025 1072 4090 lmo
1094 4042 1100 4105 ι
1122 4025 1279 4092 noticiam
1300 4024 1366 4092 Dei
1389 4028 1574 4106 certiorem,
1592 4029 1740 4092 timorem
1759 4027 1835 4107 Dei,
1853 4028 2007 4094 fiduciam
2024 4027 2133 4111 Deis

89 4112 238 4176 tribuunt
259 4111 388 4175 interim
412 4110 575 4176 humanae
596 4121 734 4176 naturae
752 4111 903 4197 integras
919 4112 1011 4176 vires
1029 4110 1073 4176 ad
1121 4123 1180 4178 aut
1198 4122 1290 4177 certe
1311 4112 1558 4190 rectitudinem,
1588 4125 1623 4178 et
1650 4116 1714 4178 iim
1745 4116 1811 4178 ista
1835 4113 2009 4179 efficiendi.
2054 4114 2104 4178 ld·

91 4193 295 4282 diligendum
316 4195 426 4261 Deum
448 4196 696 4279 superomnia,
723 4197 766 4261 ad
796 4194 950 4262 facienda
976 4216 1072 4282 prae·
1122 4216 1189 4284 que
1209 4184 1536 4281 testaturi'scriptura
1557 4218 1631 4264 cum
1650 4200 1762 4284 inquit.
1779 4199 1945 4265 hominem
1963 4202 2005 4265 ad
2022 4201 2121 4264 ima·-

92 4293 191 4367 cepta
213 4282 289 4361 Dei,
307 4304 374 4368 quo
396 4283 440 4348 ad
462 4282 683 4349 substantiam
704 4293 848 4362 actuum,
866 4280 938 4347 Nec
959 4283 1073 4347 vident
1094 4301 1100 4419 1
1123 4284 1233 4370 ginem
1255 4293 1290 4348 et
1317 4278 1559 4360 similitudinem
1587 4283 1651 4350 Dei
1679 4286 1846 4351 conditum
1870 4305 1957 4351 esse.
2002 4285 2102 4358 Quod

91 4386 130 4432 se
151 4370 334 4453 pugnantia
363 4369 485 4434 dicere.
529 4368 613 4432 Nam
640 4368 786 4453 proprijs
817 4366 944 4433 viribus
970 4387 1074 4453 posse
1123 4370 1202 4456 quid
1224 4379 1277 4434 est
1298 4367 1401 4447 aliud,
1424 4370 1489 4435 nisi
1512 4371 1544 4434 in
1566 4370 1700 4435 homine
1728 4370 1816 4436 hano
1843 4373 2040 4456 sapientiam
2068 4382 2103 4436 et

92 4450 231 4603 diligere
252 4454 360 4519 Deum
382 4455 636 4538 superomnia,
657 4453 771 4520 lacere
793 4463 973 4539 praecepta
994 4451 1071 4531 Del,
1094 4436 1101 4561 Ι
1122 4456 1286 4520 iusticiam
1307 4452 1489 4541 effigiatam
1512 4475 1608 4534 esse,
1629 4477 1715 4542 quae
1737 4455 1845 4523 Deum
1873 4457 2102 4542 apprehende·

204 4536 301 4604 aliud'
323 4550 376 4604 est
408 4559 507 4625 qoam
541 4540 668 4605 habere
706 4540 870 4606 iusticiam
910 4539 1072 4623 originis?
1122 4552 1185 4612 ret,
1208 4554 1241 4606 et
1262 4542 1295 4605 in
1317 4562 1383 4627 qua
1405 4540 1570 4608 reluceret
1592 4542 1697 4621 Deos,
1718 4541 1786 4607 hoc
1803 4557 1853 4607 est
1874 4544 1995 4607 homini
2014 4543 2103 4606 dona

92 4560 190 4698 allud
213 4626 243 4689 si
265 4622 328 4690 has
350 4636 460 4689 tantas
481 4626 570 4691 vires
591 4624 693 4691 habet
712 4624 857 4691 humana
877 4636 1014 4706 natura,
1036 4636 1073 4690 vt
1122 4645 1201 4691 esse
1230 4627 1324 4705 data,
1354 4628 1511 4693 noticiam
1543 4626 1623 4707 Dei,
1656 4630 1806 4694 timorem
1833 4628 1914 4704 Dei,
1947 4628 2103 4693 fiduciam

89 4729 152 4795 per
184 4728 264 4775 sese
295 4711 404 4795 possit
438 4708 577 4801 diligere
609 4709 718 4776 Deum
747 4711 1002 4797 superomnia,
1036 4724 1073 4776 vt
1123 4731 1206 4799 erga
1237 4710 1368 4792 Deum,
1403 4724 1436 4779 et
1466 4705 1623 4801 similia)
1649 4713 1708 4780 Sic
1730 4716 1817 4780 enim
1843 4716 2103 4799 interpretantur

91 4794 300 4861 confidenter
320 4794 488 4861 affirmant
515 4794 726 4877 scholastici,
754 4799 832 4884 quid
863 4798 925 4863 erit
951 4818 1072 4885 pecca·
1123 4796 1368 4865 similitudinem
1389 4798 1454 4864 Dei
1476 4800 1612 4865 lreneus
1639 4811 1673 4865 et
1700 4799 1919 4879 Ambrosios,
1946 4801 2102 4886 quicum

91 4890 162 4949 tum
194 4881 355 4968 originis?
409 4878 574 4955 Quorsum
608 4896 717 4951 autem
745 4904 831 4968 opus
864 4885 927 4949 erit
964 4885 1074 4971 gratia
1124 4882 1190 4951 alia
1216 4883 1319 4952 multa
1351 4886 1385 4951 in
1417 4883 1506 4951 hauc
1533 4888 1738 4952 sentenciam
1762 4887 1861 4965 dicit,
1889 4900 1957 4952 tum
1981 4888 2028 4951 ita
2055 4885 2102 4949 in·

94 4964 231 5047 christi,
253 4967 283 5031 sl
304 4987 369 5035 nos
389 4987 571 5054 possumus
599 4970 670 5034 lieri
698 4970 791 5053 iusti,
820 4972 956 5055 proprio
982 4970 1073 5036 iusti·

112 5242 142 5308 s)
159 5243 363 5311 amomacum]
380 5244 419 5295 m
435 5242 516 5295 une.
539 5244 561 5293 1.
580 5244 605 5295 a.
624 5245 667 5308 ις
684 5243 735 5295 su.
752 5243 793 5296 a..
810 5206 1002 5310 mommo
1096 5207 1103 5284 l
1142 5246 1173 5312 a)
1190 5244 1296 5314 esaon]
1314 5248 1352 5297 m
1368 5245 1810 5313 uue.1-a.;so.⁴.=nnous
