<?xml version="1.0" encoding="UTF-8"?>
<!DOCTYPE html PUBLIC "-//W3C//DTD XHTML 1.0 Transitional//EN"
    "http://www.w3.org/TR/xhtml1/DTD/xhtml1-transitional.dtd">
<html xmlns="http://www.w3.org/1999/xhtml" xml:lang="en" lang="en">
 <head>
  <title>
</title>
<meta http-equiv="Content-Type" content="text/html;charset=utf-8" />
  <meta name='ocr-system' content='tesseract 3.04.00' />
  <meta name='ocr-capabilities' content='ocr_page ocr_carea ocr_par ocr_line ocrx_word'/>
</head>
<body>
  <div class='ocr_page' id='page_1' title='image "./philippimelanth00melagoog_0264.png"; bbox 0 0 4756 6194; ppageno 0'>
   <div class='ocr_carea' id='block_1_1' title="bbox 172 343 2213 448">
    <p class='ocr_par' dir='ltr' id='par_1_1' title="bbox 172 343 2213 448">
     <span class='ocr_line' id='line_1_1' title="bbox 172 343 2213 448; baseline -0.001 0"><span class='ocrx_word' id='word_1_1' title='bbox 172 382 236 448; x_wconf 78' lang='lat' dir='ltr'><strong>tal</strong></span> <span class='ocrx_word' id='word_1_2' title='bbox 620 375 735 444; x_wconf 87' lang='lat' dir='ltr'><strong>PlllL.</strong></span> <span class='ocrx_word' id='word_1_3' title='bbox 756 373 862 442; x_wconf 72' lang='lat' dir='ltr'><strong>blm.</strong></span> <span class='ocrx_word' id='word_1_4' title='bbox 883 374 1073 442; x_wconf 71' lang='lat' dir='ltr'><strong>schiera</strong></span> <span class='ocrx_word' id='word_1_5' title='bbox 1093 373 1363 443; x_wconf 80' lang='lat' dir='ltr'><strong>DOGdlA&#39;l&#39;lCA</strong></span> <span class='ocrx_word' id='word_1_6' title='bbox 1385 375 1441 442; x_wconf 80' lang='grc' dir='ltr'><strong>ΕΤ</strong></span> <span class='ocrx_word' id='word_1_7' title='bbox 1462 375 1738 445; x_wconf 69' lang='lat' dir='ltr'><strong>statuentes</strong></span> <span class='ocrx_word' id='word_1_8' title='bbox 1806 343 1810 350; x_wconf 29' lang='grc' dir='ltr'>Ι</span> <span class='ocrx_word' id='word_1_9' title='bbox 2151 374 2213 445; x_wconf 77' lang='lat' dir='ltr'><strong>titt</strong></span> 
     </span>
    </p>
   </div>
   <div class='ocr_carea' id='block_1_2' title="bbox 90 560 2211 4432">
    <p class='ocr_par' dir='ltr' id='par_1_2' title="bbox 90 560 2211 4432">
     <span class='ocr_line' id='line_1_2' title="bbox 173 560 2211 658; baseline -0.002 -22"><span class='ocrx_word' id='word_1_10' title='bbox 173 565 415 658; x_wconf 80' lang='lat' dir='ltr'><strong>perterrefacta</strong></span> <span class='ocrx_word' id='word_1_11' title='bbox 444 567 558 632; x_wconf 89' lang='lat' dir='ltr'><strong>corda.</strong></span> <span class='ocrx_word' id='word_1_12' title='bbox 598 564 696 630; x_wconf 78' lang='lat' dir='ltr'><strong>¹&#39;l&#39;alis</strong></span> <span class='ocrx_word' id='word_1_13' title='bbox 717 563 802 629; x_wconf 79' lang='lat' dir='ltr'><strong>fides</strong></span> <span class='ocrx_word' id='word_1_14' title='bbox 828 581 937 646; x_wconf 90' lang='lat' dir='ltr'><strong>neque</strong></span> <span class='ocrx_word' id='word_1_15' title='bbox 966 560 1074 628; x_wconf 87' lang='lat' dir='ltr'><strong>facilis</strong></span> <span class='ocrx_word' id='word_1_16' title='bbox 1095 582 1152 628; x_wconf 88' lang='lat' dir='ltr'><strong>res</strong></span> <span class='ocrx_word' id='word_1_17' title='bbox 1205 562 1369 644; x_wconf 86' lang='lat' dir='ltr'><strong>lacobus,</strong></span> <span class='ocrx_word' id='word_1_18' title='bbox 1397 584 1484 651; x_wconf 88' lang='lat' dir='ltr'><strong>quoe</strong></span> <span class='ocrx_word' id='word_1_19' title='bbox 1511 576 1623 629; x_wconf 86' lang='lat' dir='ltr'><strong>tamen</strong></span> <span class='ocrx_word' id='word_1_20' title='bbox 1644 564 1853 648; x_wconf 88' lang='lat' dir='ltr'><strong>impudenter</strong></span> <span class='ocrx_word' id='word_1_21' title='bbox 1874 566 2140 638; x_wconf 78' lang='lat' dir='ltr'><strong>ratiocinantur</strong></span> <span class='ocrx_word' id='word_1_22' title='bbox 2161 562 2211 631; x_wconf 81' lang='lat' dir='ltr'><strong>ed</strong></span> 
     </span>
     <span class='ocr_line' id='line_1_3' title="bbox 172 648 1765 735; baseline -0.005 -13"><span class='ocrx_word' id='word_1_23' title='bbox 172 668 240 728; x_wconf 88' lang='lat' dir='ltr'><strong>est,</strong></span> <span class='ocrx_word' id='word_1_24' title='bbox 269 668 306 720; x_wconf 86' lang='lat' dir='ltr'><strong>vt</strong></span> <span class='ocrx_word' id='word_1_25' title='bbox 327 656 493 718; x_wconf 84' lang='lat' dir='ltr'><strong>somniant</strong></span> <span class='ocrx_word' id='word_1_26' title='bbox 513 653 719 732; x_wconf 79' lang='lat' dir='ltr'><strong>aduersariJ‚</strong></span> <span class='ocrx_word' id='word_1_27' title='bbox 742 669 852 734; x_wconf 90' lang='lat' dir='ltr'><strong>neque</strong></span> <span class='ocrx_word' id='word_1_28' title='bbox 874 648 1017 714; x_wconf 90' lang='lat' dir='ltr'><strong>humana</strong></span> <span class='ocrx_word' id='word_1_29' title='bbox 1037 661 1154 732; x_wconf 89' lang='lat' dir='ltr'><strong>poten·</strong></span> <span class='ocrx_word' id='word_1_30' title='bbox 1205 649 1348 735; x_wconf 86' lang='lat' dir='ltr'><strong>uersarij</strong></span> <span class='ocrx_word' id='word_1_31' title='bbox 1369 650 1550 717; x_wconf 83' lang='lat' dir='ltr'><strong>ex..locobi</strong></span> <span class='ocrx_word' id='word_1_32' title='bbox 1571 651 1694 716; x_wconf 87' lang='lat' dir='ltr'><strong>verbis.</strong></span> <span class='ocrx_word' id='word_1_33' title='bbox 1711 653 1765 726; x_wconf 78' lang='lat'><strong>⁵⁷)</strong></span> 
     </span>
     <span class='ocr_line' id='line_1_4' title="bbox 171 731 2210 884; baseline -0.003 -76"><span class='ocrx_word' id='word_1_34' title='bbox 171 746 230 821; x_wconf 85' lang='lat' dir='ltr'><strong>tia,</strong></span> <span class='ocrx_word' id='word_1_35' title='bbox 252 742 319 806; x_wconf 85' lang='lat' dir='ltr'><strong>Sed</strong></span> <span class='ocrx_word' id='word_1_36' title='bbox 342 740 452 805; x_wconf 92' lang='lat' dir='ltr'><strong>diuina</strong></span> <span class='ocrx_word' id='word_1_37' title='bbox 474 740 632 822; x_wconf 87' lang='lat' dir='ltr'><strong>potentie,</strong></span> <span class='ocrx_word' id='word_1_38' title='bbox 654 757 720 823; x_wconf 88' lang='lat' dir='ltr'><strong>qua</strong></span> <span class='ocrx_word' id='word_1_39' title='bbox 741 736 964 813; x_wconf 72' lang='lat' dir='ltr'><strong>uiuificamur,</strong></span> <span class='ocrx_word' id='word_1_40' title='bbox 987 756 1053 884; x_wconf 82' lang='lat' dir='ltr'><strong>qua</strong></span> <span class='ocrx_word' id='word_1_41' title='bbox 1078 734 1155 799; x_wconf 84' lang='lat' dir='ltr'><strong>Die·</strong></span> <span class='ocrx_word' id='word_1_42' title='bbox 1292 731 1444 802; x_wconf 84' lang='lat' dir='ltr'><strong>Citantur</strong></span> <span class='ocrx_word' id='word_1_43' title='bbox 1471 738 1636 803; x_wconf 87' lang='lat' dir='ltr'><strong>aduersus</strong></span> <span class='ocrx_word' id='word_1_44' title='bbox 1664 755 1729 809; x_wconf 80' lang='lat' dir='ltr'><strong>nos</strong></span> <span class='ocrx_word' id='word_1_45' title='bbox 1753 746 1787 800; x_wconf 90' lang='lat' dir='ltr'><strong>et</strong></span> <span class='ocrx_word' id='word_1_46' title='bbox 1812 732 1899 801; x_wconf 85' lang='lat' dir='ltr'><strong>aliae</strong></span> <span class='ocrx_word' id='word_1_47' title='bbox 1926 735 2111 821; x_wconf 75' lang='lat' dir='ltr'><strong>quaedam</strong></span> <span class='ocrx_word' id='word_1_48' title='bbox 2133 754 2210 801; x_wconf 86' lang='lat' dir='ltr'><strong>sen·</strong></span> 
     </span>
     <span class='ocr_line' id='line_1_5' title="bbox 172 819 2208 907; baseline -0.004 -12"><span class='ocrx_word' id='word_1_49' title='bbox 172 825 286 895; x_wconf 89' lang='lat' dir='ltr'><strong>bolum</strong></span> <span class='ocrx_word' id='word_1_50' title='bbox 309 836 342 891; x_wconf 90' lang='lat' dir='ltr'><strong>et</strong></span> <span class='ocrx_word' id='word_1_51' title='bbox 364 837 501 889; x_wconf 88' lang='lat' dir='ltr'><strong>mortem</strong></span> <span class='ocrx_word' id='word_1_52' title='bbox 518 824 694 901; x_wconf 84' lang='lat' dir='ltr'><strong>vincimus,</strong></span> <span class='ocrx_word' id='word_1_53' title='bbox 717 819 986 888; x_wconf 88' lang='lat' dir='ltr'><strong>SicutPaulusa</strong></span> <span class='ocrx_word' id='word_1_54' title='bbox 1019 819 1154 885; x_wconf 85' lang='lat' dir='ltr'><strong>Coloss.</strong></span> <span class='ocrx_word' id='word_1_55' title='bbox 1205 823 1340 900; x_wconf 90' lang='lat' dir='ltr'><strong>tentiae,</strong></span> <span class='ocrx_word' id='word_1_56' title='bbox 1363 823 1405 886; x_wconf 92' lang='lat' dir='ltr'><strong>de</strong></span> <span class='ocrx_word' id='word_1_57' title='bbox 1426 825 1595 907; x_wconf 86' lang='lat' dir='ltr'><strong>operibus,</strong></span> <span class='ocrx_word' id='word_1_58' title='bbox 1616 820 1731 887; x_wconf 86' lang='lat' dir='ltr'><strong>Lucae</strong></span> <span class='ocrx_word' id='word_1_59' title='bbox 1747 822 1791 887; x_wconf 86' lang='lat' dir='ltr'><strong>vi.</strong></span> <span class='ocrx_word' id='word_1_60' title='bbox 1836 819 2009 887; x_wconf 87' lang='lat' dir='ltr'><strong>Remittite</strong></span> <span class='ocrx_word' id='word_1_61' title='bbox 2034 832 2075 886; x_wconf 89' lang='lat' dir='ltr'><strong>et</strong></span> <span class='ocrx_word' id='word_1_62' title='bbox 2097 824 2208 887; x_wconf 89' lang='lat' dir='ltr'><strong>remit·</strong></span> 
     </span>
     <span class='ocr_line' id='line_1_6' title="bbox 173 906 2206 999; baseline -0.002 -19"><span class='ocrx_word' id='word_1_63' title='bbox 173 916 238 999; x_wconf 86' lang='lat' dir='ltr'><strong>ait,</strong></span> <span class='ocrx_word' id='word_1_64' title='bbox 270 911 361 999; x_wconf 91' lang='lat' dir='ltr'><strong>quod</strong></span> <span class='ocrx_word' id='word_1_65' title='bbox 392 912 477 976; x_wconf 86' lang='lat' dir='ltr'><strong>tides</strong></span> <span class='ocrx_word' id='word_1_66' title='bbox 504 911 547 973; x_wconf 91' lang='lat' dir='ltr'><strong>sit</strong></span> <span class='ocrx_word' id='word_1_67' title='bbox 574 906 697 973; x_wconf 81' lang='lat' dir='ltr'><strong>efficax</strong></span> <span class='ocrx_word' id='word_1_68' title='bbox 725 928 785 992; x_wconf 89' lang='lat' dir='ltr'><strong>per</strong></span> <span class='ocrx_word' id='word_1_69' title='bbox 811 908 991 991; x_wconf 88' lang='lat' dir='ltr'><strong>potentiam</strong></span> <span class='ocrx_word' id='word_1_70' title='bbox 1014 906 1098 984; x_wconf 86' lang='lat' dir='ltr'><strong>Dei,</strong></span> <span class='ocrx_word' id='word_1_71' title='bbox 1120 916 1172 998; x_wconf 40' lang='lat' dir='ltr'><strong>et·</strong></span> <span class='ocrx_word' id='word_1_72' title='bbox 1205 918 1316 972; x_wconf 91' lang='lat' dir='ltr'><strong>tentur</strong></span> <span class='ocrx_word' id='word_1_73' title='bbox 1337 908 1448 989; x_wconf 83' lang='lat' dir='ltr'><strong>vobis,</strong></span> <span class='ocrx_word' id='word_1_74' title='bbox 1469 909 1591 974; x_wconf 81' lang='lat' dir='ltr'><strong>Esaiae</strong></span> <span class='ocrx_word' id='word_1_75' title='bbox 1610 908 1692 989; x_wconf 88' lang='lat' dir='ltr'><strong>ivlij.</strong></span> <span class='ocrx_word' id='word_1_76' title='bbox 1736 907 1870 992; x_wconf 82' lang='lat' dir='ltr'><strong>Frange</strong></span> <span class='ocrx_word' id='word_1_77' title='bbox 1890 908 2062 973; x_wconf 85' lang='lat' dir='ltr'><strong>esurienti</strong></span> <span class='ocrx_word' id='word_1_78' title='bbox 2086 928 2206 993; x_wconf 84' lang='lat' dir='ltr'><strong>panem</strong></span> 
     </span>
     <span class='ocr_line' id='line_1_7' title="bbox 173 988 2206 1078; baseline -0.003 -12"><span class='ocrx_word' id='word_1_79' title='bbox 173 1002 286 1066; x_wconf 84' lang='lat' dir='ltr'><strong>vincat</strong></span> <span class='ocrx_word' id='word_1_80' title='bbox 310 1010 461 1061; x_wconf 90' lang='lat' dir='ltr'><strong>mortem.</strong></span> <span class='ocrx_word' id='word_1_81' title='bbox 513 995 550 1059; x_wconf 92' lang='lat' dir='ltr'><strong>ln</strong></span> <span class='ocrx_word' id='word_1_82' title='bbox 573 1015 640 1078; x_wconf 90' lang='lat' dir='ltr'><strong>quo</strong></span> <span class='ocrx_word' id='word_1_83' title='bbox 667 1005 701 1059; x_wconf 91' lang='lat' dir='ltr'><strong>et</strong></span> <span class='ocrx_word' id='word_1_84' title='bbox 722 994 911 1058; x_wconf 87' lang='lat' dir='ltr'><strong>resuscitati</strong></span> <span class='ocrx_word' id='word_1_85' title='bbox 934 992 1014 1058; x_wconf 86' lang='lat' dir='ltr'><strong>estis</strong></span> <span class='ocrx_word' id='word_1_86' title='bbox 1035 1012 1097 1076; x_wconf 86' lang='lat' dir='ltr'><strong>per</strong></span> <span class='ocrx_word' id='word_1_87' title='bbox 1117 991 1154 1057; x_wconf 88' lang='lat' dir='ltr'><strong>fi-</strong></span> <span class='ocrx_word' id='word_1_88' title='bbox 1204 1004 1309 1070; x_wconf 90' lang='lat' dir='ltr'><strong>tuum,</strong></span> <span class='ocrx_word' id='word_1_89' title='bbox 1342 1005 1423 1059; x_wconf 91' lang='lat' dir='ltr'><strong>tunc</strong></span> <span class='ocrx_word' id='word_1_90' title='bbox 1454 994 1627 1062; x_wconf 82' lang='lat' dir='ltr'><strong>inuocabis</strong></span> <span class='ocrx_word' id='word_1_91' title='bbox 1659 1006 1692 1059; x_wconf 88' lang='lat' dir='ltr'><strong>et</strong></span> <span class='ocrx_word' id='word_1_92' title='bbox 1724 988 1888 1058; x_wconf 85' lang='lat' dir='ltr'><strong>Dominus</strong></span> <span class='ocrx_word' id='word_1_93' title='bbox 1916 993 2105 1073; x_wconf 83' lang='lat' dir='ltr'><strong>exaudiet,</strong></span> <span class='ocrx_word' id='word_1_94' title='bbox 2141 992 2206 1060; x_wconf 82' lang='lat' dir='ltr'><strong>Da·</strong></span> 
     </span>
     <span class='ocr_line' id='line_1_8' title="bbox 174 1076 2204 1169; baseline -0.003 -18"><span class='ocrx_word' id='word_1_95' title='bbox 174 1087 250 1152; x_wconf 89' lang='lat' dir='ltr'><strong>dem</strong></span> <span class='ocrx_word' id='word_1_96' title='bbox 277 1084 446 1169; x_wconf 84' lang='lat' dir='ltr'><strong>potentiae</strong></span> <span class='ocrx_word' id='word_1_97' title='bbox 460 1085 513 1159; x_wconf 67' lang='grc'><strong>155)</strong></span> <span class='ocrx_word' id='word_1_98' title='bbox 540 1080 614 1144; x_wconf 89' lang='lat' dir='ltr'><strong>Dei.</strong></span> <span class='ocrx_word' id='word_1_99' title='bbox 660 1080 750 1144; x_wconf 84' lang='lat' dir='ltr'><strong>flacc</strong></span> <span class='ocrx_word' id='word_1_100' title='bbox 783 1078 868 1146; x_wconf 86' lang='lat' dir='ltr'><strong>fides</strong></span> <span class='ocrx_word' id='word_1_101' title='bbox 898 1098 972 1143; x_wconf 91' lang='lat' dir='ltr'><strong>cum</strong></span> <span class='ocrx_word' id='word_1_102' title='bbox 994 1079 1039 1142; x_wconf 88' lang='lat' dir='ltr'><strong>sit</strong></span> <span class='ocrx_word' id='word_1_103' title='bbox 1066 1098 1156 1143; x_wconf 87' lang='lat' dir='ltr'><strong>noua</strong></span> <span class='ocrx_word' id='word_1_104' title='bbox 1204 1076 1302 1143; x_wconf 83' lang='lat' dir='ltr'><strong>nielis</strong></span> <span class='ocrx_word' id='word_1_105' title='bbox 1320 1080 1376 1160; x_wconf 92' lang='lat' dir='ltr'><strong>iiij.</strong></span> <span class='ocrx_word' id='word_1_106' title='bbox 1410 1080 1556 1144; x_wconf 80' lang='lat' dir='ltr'><strong>Peccata</strong></span> <span class='ocrx_word' id='word_1_107' title='bbox 1576 1091 1634 1144; x_wconf 86' lang='lat' dir='ltr'><strong>tua</strong></span> <span class='ocrx_word' id='word_1_108' title='bbox 1644 1077 1849 1165; x_wconf 88' lang='lat' dir='ltr'><strong>elemosynis</strong></span> <span class='ocrx_word' id='word_1_109' title='bbox 1866 1080 2006 1158; x_wconf 87' lang='lat' dir='ltr'><strong>redime,</strong></span> <span class='ocrx_word' id='word_1_110' title='bbox 2029 1077 2160 1144; x_wconf 87' lang='lat' dir='ltr'><strong>Matth.</strong></span> <span class='ocrx_word' id='word_1_111' title='bbox 2174 1101 2204 1160; x_wconf 85' lang='lat' dir='ltr'><strong>v,</strong></span> 
     </span>
     <span class='ocr_line' id='line_1_9' title="bbox 174 1162 2204 1252; baseline -0.003 -14"><span class='ocrx_word' id='word_1_112' title='bbox 174 1173 242 1238; x_wconf 85' lang='lat' dir='ltr'><strong>vita</strong></span> <span class='ocrx_word' id='word_1_113' title='bbox 265 1168 457 1235; x_wconf 78' lang='lat' dir='ltr'><strong>necessario</strong></span> <span class='ocrx_word' id='word_1_114' title='bbox 484 1168 571 1252; x_wconf 91' lang='lat' dir='ltr'><strong>parit</strong></span> <span class='ocrx_word' id='word_1_115' title='bbox 592 1186 700 1231; x_wconf 87' lang='lat' dir='ltr'><strong>nouos</strong></span> <span class='ocrx_word' id='word_1_116' title='bbox 723 1177 832 1230; x_wconf 88' lang='lat' dir='ltr'><strong>motus</strong></span> <span class='ocrx_word' id='word_1_117' title='bbox 861 1175 895 1230; x_wconf 89' lang='lat' dir='ltr'><strong>et</strong></span> <span class='ocrx_word' id='word_1_118' title='bbox 917 1184 1030 1249; x_wconf 88' lang='lat' dir='ltr'><strong>opera.</strong></span> <span class='ocrx_word' id='word_1_119' title='bbox 1075 1164 1154 1228; x_wconf 89' lang='lat' dir='ltr'><strong>ldeo</strong></span> <span class='ocrx_word' id='word_1_120' title='bbox 1205 1165 1302 1230; x_wconf 84' lang='lat' dir='ltr'><strong>Beati</strong></span> <span class='ocrx_word' id='word_1_121' title='bbox 1335 1184 1501 1249; x_wconf 87' lang='lat' dir='ltr'><strong>pauperes</strong></span> <span class='ocrx_word' id='word_1_122' title='bbox 1534 1166 1670 1248; x_wconf 86' lang='lat' dir='ltr'><strong>spiritu,</strong></span> <span class='ocrx_word' id='word_1_123' title='bbox 1710 1166 1788 1249; x_wconf 86' lang='lat' dir='ltr'><strong>quia</strong></span> <span class='ocrx_word' id='word_1_124' title='bbox 1819 1162 1935 1231; x_wconf 88' lang='lat' dir='ltr'><strong>talium</strong></span> <span class='ocrx_word' id='word_1_125' title='bbox 1967 1177 2027 1229; x_wconf 88' lang='lat' dir='ltr'><strong>est</strong></span> <span class='ocrx_word' id='word_1_126' title='bbox 2064 1186 2204 1251; x_wconf 80' lang='lat' dir='ltr'><strong>regnum</strong></span> 
     </span>
     <span class='ocr_line' id='line_1_10' title="bbox 173 1246 2206 1339; baseline -0.003 -17"><span class='ocrx_word' id='word_1_127' title='bbox 173 1257 317 1322; x_wconf 87' lang='lat' dir='ltr'><strong>lacobus</strong></span> <span class='ocrx_word' id='word_1_128' title='bbox 346 1264 438 1323; x_wconf 82' lang='lat' dir='ltr'><strong>recte</strong></span> <span class='ocrx_word' id='word_1_129' title='bbox 465 1265 567 1339; x_wconf 81' lang='lat' dir='ltr'><strong>negat</strong></span> <span class='ocrx_word' id='word_1_130' title='bbox 595 1272 659 1315; x_wconf 90' lang='lat' dir='ltr'><strong>nos</strong></span> <span class='ocrx_word' id='word_1_131' title='bbox 682 1250 739 1316; x_wconf 90' lang='lat' dir='ltr'><strong>tali</strong></span> <span class='ocrx_word' id='word_1_132' title='bbox 767 1250 834 1316; x_wconf 87' lang='lat' dir='ltr'><strong>fide</strong></span> <span class='ocrx_word' id='word_1_133' title='bbox 855 1250 1045 1328; x_wconf 86' lang='lat' dir='ltr'><strong>iustificari,</strong></span> <span class='ocrx_word' id='word_1_134' title='bbox 1068 1258 1155 1335; x_wconf 85' lang='lat' dir='ltr'><strong>quae</strong></span> <span class='ocrx_word' id='word_1_135' title='bbox 1206 1246 1389 1316; x_wconf 89' lang='lat' dir='ltr'><strong>coelorum.</strong></span> <span class='ocrx_word' id='word_1_136' title='bbox 1440 1250 1538 1330; x_wconf 89' lang='lat' dir='ltr'><strong>item,</strong></span> <span class='ocrx_word' id='word_1_137' title='bbox 1571 1250 1669 1316; x_wconf 84' lang='lat' dir='ltr'><strong>Beati</strong></span> <span class='ocrx_word' id='word_1_138' title='bbox 1689 1252 1942 1328; x_wconf 83' lang='lat' dir='ltr'><strong>misericordes,</strong></span> <span class='ocrx_word' id='word_1_139' title='bbox 1970 1252 2059 1335; x_wconf 91' lang='lat' dir='ltr'><strong>quia</strong></span> <span class='ocrx_word' id='word_1_140' title='bbox 2082 1255 2206 1317; x_wconf 85' lang='lat' dir='ltr'><strong>miseri</strong></span> 
     </span>
     <span class='ocr_line' id='line_1_11' title="bbox 175 1335 2206 1423; baseline -0.003 -15"><span class='ocrx_word' id='word_1_141' title='bbox 175 1354 229 1409; x_wconf 84' lang='lat' dir='ltr'><strong>est</strong></span> <span class='ocrx_word' id='word_1_142' title='bbox 261 1345 335 1407; x_wconf 89' lang='lat' dir='ltr'><strong>sine</strong></span> <span class='ocrx_word' id='word_1_143' title='bbox 366 1341 535 1423; x_wconf 83' lang='lat' dir='ltr'><strong>operibus.</strong></span> <span class='ocrx_word' id='word_1_144' title='bbox 591 1336 689 1410; x_wconf 88' lang='lat' dir='ltr'><strong>Quod</strong></span> <span class='ocrx_word' id='word_1_145' title='bbox 720 1350 832 1402; x_wconf 86' lang='lat' dir='ltr'><strong>autem</strong></span> <span class='ocrx_word' id='word_1_146' title='bbox 855 1336 933 1400; x_wconf 90' lang='lat' dir='ltr'><strong>dicit</strong></span> <span class='ocrx_word' id='word_1_147' title='bbox 954 1354 1017 1401; x_wconf 83' lang='lat' dir='ltr'><strong>nos</strong></span> <span class='ocrx_word' id='word_1_148' title='bbox 1039 1335 1156 1401; x_wconf 67' lang='lat' dir='ltr'><strong>iustifi-</strong></span> <span class='ocrx_word' id='word_1_149' title='bbox 1207 1338 1356 1402; x_wconf 89' lang='lat' dir='ltr'><strong>cordiam</strong></span> <span class='ocrx_word' id='word_1_150' title='bbox 1378 1348 1636 1422; x_wconf 81' lang='lat' dir='ltr'><strong>consequentur.</strong></span> <span class='ocrx_word' id='word_1_151' title='bbox 1685 1335 1758 1401; x_wconf 86' lang='lat' dir='ltr'><strong>Hae</strong></span> <span class='ocrx_word' id='word_1_152' title='bbox 1780 1338 1973 1403; x_wconf 85' lang='lat' dir='ltr'><strong>sentenciae</strong></span> <span class='ocrx_word' id='word_1_153' title='bbox 1995 1339 2108 1403; x_wconf 84' lang='lat' dir='ltr'><strong>etiarn</strong></span> <span class='ocrx_word' id='word_1_154' title='bbox 2130 1335 2206 1403; x_wconf 93' lang='lat' dir='ltr'><strong>nihil</strong></span> 
     </span>
     <span class='ocr_line' id='line_1_12' title="bbox 175 1420 2206 1510; baseline -0.002 -16"><span class='ocrx_word' id='word_1_155' title='bbox 175 1430 245 1494; x_wconf 88' lang='lat' dir='ltr'><strong>cari</strong></span> <span class='ocrx_word' id='word_1_156' title='bbox 278 1427 343 1492; x_wconf 89' lang='lat' dir='ltr'><strong>fide</strong></span> <span class='ocrx_word' id='word_1_157' title='bbox 374 1437 408 1490; x_wconf 91' lang='lat' dir='ltr'><strong>et</strong></span> <span class='ocrx_word' id='word_1_158' title='bbox 440 1426 615 1510; x_wconf 88' lang='lat' dir='ltr'><strong>operibus,</strong></span> <span class='ocrx_word' id='word_1_159' title='bbox 652 1422 753 1489; x_wconf 87' lang='lat' dir='ltr'><strong>Certe</strong></span> <span class='ocrx_word' id='word_1_160' title='bbox 786 1442 855 1487; x_wconf 81' lang='lat' dir='ltr'><strong>rron</strong></span> <span class='ocrx_word' id='word_1_161' title='bbox 888 1423 965 1487; x_wconf 87' lang='lat' dir='ltr'><strong>dicit</strong></span> <span class='ocrx_word' id='word_1_162' title='bbox 997 1441 1062 1486; x_wconf 90' lang='lat' dir='ltr'><strong>nos</strong></span> <span class='ocrx_word' id='word_1_163' title='bbox 1095 1441 1155 1507; x_wconf 91' lang='lat' dir='ltr'><strong>per</strong></span> <span class='ocrx_word' id='word_1_164' title='bbox 1205 1420 1367 1488; x_wconf 88' lang='lat' dir='ltr'><strong>haherent</strong></span> <span class='ocrx_word' id='word_1_165' title='bbox 1387 1423 1599 1502; x_wconf 87' lang='lat' dir='ltr'><strong>incommodi,</strong></span> <span class='ocrx_word' id='word_1_166' title='bbox 1621 1424 1652 1489; x_wconf 83' lang='lat' dir='ltr'><strong>si</strong></span> <span class='ocrx_word' id='word_1_167' title='bbox 1672 1420 1755 1486; x_wconf 90' lang='lat' dir='ltr'><strong>nihil</strong></span> <span class='ocrx_word' id='word_1_168' title='bbox 1777 1420 1979 1509; x_wconf 77' lang='lat' dir='ltr'><strong>effingerent</strong></span> <span class='ocrx_word' id='word_1_169' title='bbox 1997 1425 2206 1506; x_wconf 75' lang='lat' dir='ltr'><strong>aduersarii.</strong></span> 
     </span>
     <span class='ocr_line' id='line_1_13' title="bbox 176 1506 2206 1600; baseline -0.002 -21"><span class='ocrx_word' id='word_1_170' title='bbox 176 1534 284 1600; x_wconf 91' lang='lat' dir='ltr'><strong>opera</strong></span> <span class='ocrx_word' id='word_1_171' title='bbox 315 1512 468 1590; x_wconf 86' lang='lat' dir='ltr'><strong>renasci,</strong></span> <span class='ocrx_word' id='word_1_172' title='bbox 523 1510 643 1594; x_wconf 86' lang='lat' dir='ltr'><strong>Neque</strong></span> <span class='ocrx_word' id='word_1_173' title='bbox 679 1508 746 1578; x_wconf 93' lang='lat' dir='ltr'><strong>hoc</strong></span> <span class='ocrx_word' id='word_1_174' title='bbox 777 1509 880 1587; x_wconf 86' lang='lat' dir='ltr'><strong>dicit,</strong></span> <span class='ocrx_word' id='word_1_175' title='bbox 914 1509 1003 1594; x_wconf 91' lang='lat' dir='ltr'><strong>quod</strong></span> <span class='ocrx_word' id='word_1_176' title='bbox 1036 1509 1155 1593; x_wconf 87' lang='lat' dir='ltr'><strong>partim</strong></span> <span class='ocrx_word' id='word_1_177' title='bbox 1206 1508 1284 1574; x_wconf 90' lang='lat' dir='ltr'><strong>Duo</strong></span> <span class='ocrx_word' id='word_1_178' title='bbox 1308 1508 1394 1574; x_wconf 89' lang='lat' dir='ltr'><strong>enim</strong></span> <span class='ocrx_word' id='word_1_179' title='bbox 1416 1511 1604 1587; x_wconf 88' lang='lat' dir='ltr'><strong>continent,</strong></span> <span class='ocrx_word' id='word_1_180' title='bbox 1627 1506 1802 1574; x_wconf 87' lang='lat' dir='ltr'><strong>-Alterum</strong></span> <span class='ocrx_word' id='word_1_181' title='bbox 1823 1520 1878 1574; x_wconf 89' lang='lat' dir='ltr'><strong>est</strong></span> <span class='ocrx_word' id='word_1_182' title='bbox 1905 1510 2126 1594; x_wconf 89' lang='lat' dir='ltr'><strong>praedicatio</strong></span> <span class='ocrx_word' id='word_1_183' title='bbox 2148 1529 2206 1575; x_wconf 88' lang='lat' dir='ltr'><strong>scu</strong></span> 
     </span>
     <span class='ocr_line' id='line_1_14' title="bbox 173 1592 2205 1682; baseline -0.003 -16"><span class='ocrx_word' id='word_1_184' title='bbox 173 1599 330 1665; x_wconf 86' lang='lat' dir='ltr'><strong>Christus</strong></span> <span class='ocrx_word' id='word_1_185' title='bbox 358 1600 403 1661; x_wconf 88' lang='lat' dir='ltr'><strong>sit</strong></span> <span class='ocrx_word' id='word_1_186' title='bbox 424 1596 644 1681; x_wconf 84' lang='lat' dir='ltr'><strong>propicietur,</strong></span> <span class='ocrx_word' id='word_1_187' title='bbox 696 1596 793 1661; x_wconf 89' lang='lat' dir='ltr'><strong>artim</strong></span> <span class='ocrx_word' id='word_1_188' title='bbox 821 1614 925 1679; x_wconf 89' lang='lat' dir='ltr'><strong>opera</strong></span> <span class='ocrx_word' id='word_1_189' title='bbox 951 1606 1067 1658; x_wconf 90' lang='lat' dir='ltr'><strong>nostra</strong></span> <span class='ocrx_word' id='word_1_190' title='bbox 1089 1593 1157 1657; x_wconf 85' lang='lat' dir='ltr'><strong>sint</strong></span> <span class='ocrx_word' id='word_1_191' title='bbox 1206 1592 1312 1682; x_wconf 82' lang='lat' dir='ltr'><strong>legis,</strong></span> <span class='ocrx_word' id='word_1_192' title='bbox 1340 1615 1402 1659; x_wconf 89' lang='lat' dir='ltr'><strong>seu</strong></span> <span class='ocrx_word' id='word_1_193' title='bbox 1424 1596 1666 1680; x_wconf 89' lang='lat' dir='ltr'><strong>poenitentiae,</strong></span> <span class='ocrx_word' id='word_1_194' title='bbox 1687 1614 1775 1680; x_wconf 89' lang='lat' dir='ltr'><strong>quae</strong></span> <span class='ocrx_word' id='word_1_195' title='bbox 1797 1607 1830 1659; x_wconf 95' lang='lat' dir='ltr'><strong>et</strong></span> <span class='ocrx_word' id='word_1_196' title='bbox 1853 1596 1963 1681; x_wconf 82' lang='lat' dir='ltr'><strong>arguit</strong></span> <span class='ocrx_word' id='word_1_197' title='bbox 1985 1592 2205 1660; x_wconf 84' lang='lat' dir='ltr'><strong>malefacien-</strong></span> 
     </span>
     <span class='ocr_line' id='line_1_15' title="bbox 196 1618 2206 1768; baseline -0.002 -17"><span class='ocrx_word' id='word_1_198' title='bbox 196 1686 380 1768; x_wconf 86' lang='lat' dir='ltr'><strong>ropieiatio.</strong></span> <span class='ocrx_word' id='word_1_199' title='bbox 413 1681 486 1747; x_wconf 89' lang='lat' dir='ltr'><strong>Nec</strong></span> <span class='ocrx_word' id='word_1_200' title='bbox 504 1682 661 1747; x_wconf 90' lang='lat' dir='ltr'><strong>describit</strong></span> <span class='ocrx_word' id='word_1_201' title='bbox 672 1618 733 1745; x_wconf 75' lang='lat' dir='ltr'><strong>hic</strong></span> <span class='ocrx_word' id='word_1_202' title='bbox 752 1682 886 1746; x_wconf 90' lang='lat' dir='ltr'><strong>modum</strong></span> <span class='ocrx_word' id='word_1_203' title='bbox 904 1680 1156 1759; x_wconf 85' lang='lat' dir='ltr'><strong>iustificationis,</strong></span> <span class='ocrx_word' id='word_1_204' title='bbox 1207 1691 1278 1751; x_wconf 90' lang='lat' dir='ltr'><strong>tes,</strong></span> <span class='ocrx_word' id='word_1_205' title='bbox 1311 1691 1346 1746; x_wconf 93' lang='lat' dir='ltr'><strong>et</strong></span> <span class='ocrx_word' id='word_1_206' title='bbox 1371 1681 1464 1745; x_wconf 86' lang='lat' dir='ltr'><strong>iubet</strong></span> <span class='ocrx_word' id='word_1_207' title='bbox 1491 1680 1713 1758; x_wconf 80' lang='lat' dir='ltr'><strong>benefacere,</strong></span> <span class='ocrx_word' id='word_1_208' title='bbox 1758 1679 1913 1746; x_wconf 82' lang='lat' dir='ltr'><strong>Alterum</strong></span> <span class='ocrx_word' id='word_1_209' title='bbox 1941 1689 1997 1745; x_wconf 88' lang='lat' dir='ltr'><strong>est</strong></span> <span class='ocrx_word' id='word_1_210' title='bbox 2020 1684 2206 1764; x_wconf 84' lang='lat' dir='ltr'><strong>promissio</strong></span> 
     </span>
     <span class='ocr_line' id='line_1_16' title="bbox 173 1708 2208 1855; baseline 0 -21"><span class='ocrx_word' id='word_1_211' title='bbox 173 1708 244 1837; x_wconf 56' lang='lat' dir='ltr'><strong>geri</strong></span> <span class='ocrx_word' id='word_1_212' title='bbox 266 1769 426 1835; x_wconf 83' lang='lat' dir='ltr'><strong>describit</strong></span> <span class='ocrx_word' id='word_1_213' title='bbox 447 1765 563 1853; x_wconf 76' lang='lat' dir='ltr'><strong>quales</strong></span> <span class='ocrx_word' id='word_1_214' title='bbox 587 1769 654 1831; x_wconf 86' lang='lat' dir='ltr'><strong>sint</strong></span> <span class='ocrx_word' id='word_1_215' title='bbox 673 1768 770 1846; x_wconf 89' lang='lat' dir='ltr'><strong>iusti,</strong></span> <span class='ocrx_word' id='word_1_216' title='bbox 792 1778 971 1852; x_wconf 88' lang='lat' dir='ltr'><strong>postquam</strong></span> <span class='ocrx_word' id='word_1_217' title='bbox 991 1767 1055 1830; x_wconf 92' lang='lat' dir='ltr'><strong>iam</strong></span> <span class='ocrx_word' id='word_1_218' title='bbox 1077 1776 1157 1831; x_wconf 90' lang='lat' dir='ltr'><strong>sunt</strong></span> <span class='ocrx_word' id='word_1_219' title='bbox 1209 1786 1297 1852; x_wconf 88' lang='lat' dir='ltr'><strong>quae</strong></span> <span class='ocrx_word' id='word_1_220' title='bbox 1320 1766 1462 1832; x_wconf 83' lang='lat' dir='ltr'><strong>additur.</strong></span> <span class='ocrx_word' id='word_1_221' title='bbox 1505 1767 1624 1855; x_wconf 86' lang='lat' dir='ltr'><strong>Neque</strong></span> <span class='ocrx_word' id='word_1_222' title='bbox 1644 1786 1727 1833; x_wconf 86' lang='lat' dir='ltr'><strong>vero</strong></span> <span class='ocrx_word' id='word_1_223' title='bbox 1749 1768 1954 1851; x_wconf 89' lang='lat' dir='ltr'><strong>adscriptum</strong></span> <span class='ocrx_word' id='word_1_224' title='bbox 1979 1780 2037 1831; x_wconf 83' lang='lat' dir='ltr'><strong>est</strong></span> <span class='ocrx_word' id='word_1_225' title='bbox 2062 1782 2208 1851; x_wconf 78' lang='lat' dir='ltr'><strong>peceato</strong></span> 
     </span>
     <span class='ocr_line' id='line_1_17' title="bbox 174 1850 2207 1938; baseline -0.002 -15"><span class='ocrx_word' id='word_1_226' title='bbox 174 1856 341 1923; x_wconf 86' lang='lat' dir='ltr'><strong>iustificati</strong></span> <span class='ocrx_word' id='word_1_227' title='bbox 363 1866 397 1919; x_wconf 91' lang='lat' dir='ltr'><strong>et</strong></span> <span class='ocrx_word' id='word_1_228' title='bbox 418 1853 533 1919; x_wconf 89' lang='lat' dir='ltr'><strong>renati.</strong></span> <span class='ocrx_word' id='word_1_229' title='bbox 577 1851 620 1917; x_wconf 90' lang='lat' dir='ltr'><strong>Et</strong></span> <span class='ocrx_word' id='word_1_230' title='bbox 640 1854 813 1919; x_wconf 82' lang='lat' dir='ltr'><strong>iustificari</strong></span> <span class='ocrx_word' id='word_1_231' title='bbox 830 1852 998 1938; x_wconf 78' lang='lat' dir='ltr'><strong>significat</strong></span> <span class='ocrx_word' id='word_1_232' title='bbox 1014 1850 1070 1916; x_wconf 91' lang='lat' dir='ltr'><strong>hic</strong></span> <span class='ocrx_word' id='word_1_233' title='bbox 1086 1872 1155 1916; x_wconf 89' lang='lat' dir='ltr'><strong>non</strong></span> <span class='ocrx_word' id='word_1_234' title='bbox 1208 1853 1329 1917; x_wconf 88' lang='lat' dir='ltr'><strong>remitti</strong></span> <span class='ocrx_word' id='word_1_235' title='bbox 1357 1852 1431 1916; x_wconf 85' lang='lat' dir='ltr'><strong>sine</strong></span> <span class='ocrx_word' id='word_1_236' title='bbox 1462 1850 1547 1932; x_wconf 82' lang='lat' dir='ltr'><strong>fide,</strong></span> <span class='ocrx_word' id='word_1_237' title='bbox 1585 1865 1642 1919; x_wconf 88' lang='lat' dir='ltr'><strong>aut</strong></span> <span class='ocrx_word' id='word_1_238' title='bbox 1675 1854 1750 1938; x_wconf 85' lang='lat' dir='ltr'><strong>ipsa</strong></span> <span class='ocrx_word' id='word_1_239' title='bbox 1783 1872 1888 1935; x_wconf 87' lang='lat' dir='ltr'><strong>opera</strong></span> <span class='ocrx_word' id='word_1_240' title='bbox 1920 1853 2207 1936; x_wconf 84' lang='lat' dir='ltr'><strong>propiciationem</strong></span> 
     </span>
     <span class='ocr_line' id='line_1_18' title="bbox 176 1934 2206 2027; baseline -0.001 -20"><span class='ocrx_word' id='word_1_241' title='bbox 176 1963 219 2008; x_wconf 85' lang='lat' dir='ltr'><strong>ex</strong></span> <span class='ocrx_word' id='word_1_242' title='bbox 239 1943 339 2027; x_wconf 90' lang='lat' dir='ltr'><strong>impio</strong></span> <span class='ocrx_word' id='word_1_243' title='bbox 360 1942 481 2006; x_wconf 85' lang='lat' dir='ltr'><strong>iustum</strong></span> <span class='ocrx_word' id='word_1_244' title='bbox 504 1934 605 2017; x_wconf 83' lang='lat' dir='ltr'><strong>africi,</strong></span> <span class='ocrx_word' id='word_1_245' title='bbox 628 1940 689 2005; x_wconf 88' lang='lat' dir='ltr'><strong>sed</strong></span> <span class='ocrx_word' id='word_1_246' title='bbox 712 1960 776 2006; x_wconf 87' lang='lat' dir='ltr'><strong>vsu</strong></span> <span class='ocrx_word' id='word_1_247' title='bbox 797 1935 924 2003; x_wconf 91' lang='lat' dir='ltr'><strong>forensi</strong></span> <span class='ocrx_word' id='word_1_248' title='bbox 941 1940 1065 2003; x_wconf 86' lang='lat' dir='ltr'><strong>iustum</strong></span> <span class='ocrx_word' id='word_1_249' title='bbox 1083 1958 1159 2021; x_wconf 91' lang='lat' dir='ltr'><strong>pro·</strong></span> <span class='ocrx_word' id='word_1_250' title='bbox 1182 1940 1187 2007; x_wconf 92' lang='lat' dir='ltr'><strong>l</strong></span> <span class='ocrx_word' id='word_1_251' title='bbox 1208 1958 1299 2016; x_wconf 89' lang='lat' dir='ltr'><strong>esse,</strong></span> <span class='ocrx_word' id='word_1_252' title='bbox 1327 1936 1469 2022; x_wconf 87' lang='lat' dir='ltr'><strong>Semper</strong></span> <span class='ocrx_word' id='word_1_253' title='bbox 1496 1950 1608 2004; x_wconf 86' lang='lat' dir='ltr'><strong>autem</strong></span> <span class='ocrx_word' id='word_1_254' title='bbox 1632 1939 1668 2003; x_wconf 88' lang='lat' dir='ltr'><strong>in</strong></span> <span class='ocrx_word' id='word_1_255' title='bbox 1696 1939 1945 2024; x_wconf 85' lang='lat' dir='ltr'><strong>praedicatione</strong></span> <span class='ocrx_word' id='word_1_256' title='bbox 1973 1936 2091 2023; x_wconf 79' lang='lat' dir='ltr'><strong>legis,</strong></span> <span class='ocrx_word' id='word_1_257' title='bbox 2122 1938 2206 2005; x_wconf 83' lang='lat' dir='ltr'><strong>baec</strong></span> 
     </span>
     <span class='ocr_line' id='line_1_19' title="bbox 177 2014 2205 2111; baseline -0.002 -18"><span class='ocrx_word' id='word_1_258' title='bbox 177 2028 348 2106; x_wconf 87' lang='lat' dir='ltr'><strong>nunciari,</strong></span> <span class='ocrx_word' id='word_1_259' title='bbox 374 2027 471 2092; x_wconf 86' lang='lat' dir='ltr'><strong>Sicut</strong></span> <span class='ocrx_word' id='word_1_260' title='bbox 492 2026 565 2097; x_wconf 93' lang='lat' dir='ltr'><strong>hic,</strong></span> <span class='ocrx_word' id='word_1_261' title='bbox 593 2026 754 2090; x_wconf 80' lang='lat' dir='ltr'><strong>Fautores</strong></span> <span class='ocrx_word' id='word_1_262' title='bbox 776 2022 862 2110; x_wconf 80' lang='lat' dir='ltr'><strong>legis</strong></span> <span class='ocrx_word' id='word_1_263' title='bbox 884 2025 1159 2090; x_wconf 79' lang='lat' dir='ltr'><strong>iustificabuntur.</strong></span> <span class='ocrx_word' id='word_1_264' title='bbox 1182 2014 1187 2105; x_wconf 83' lang='grc' dir='ltr'>Ι</span> <span class='ocrx_word' id='word_1_265' title='bbox 1209 2027 1276 2089; x_wconf 93' lang='lat' dir='ltr'><strong>duo</strong></span> <span class='ocrx_word' id='word_1_266' title='bbox 1299 2034 1433 2108; x_wconf 89' lang='lat' dir='ltr'><strong>oportet</strong></span> <span class='ocrx_word' id='word_1_267' title='bbox 1456 2021 1615 2111; x_wconf 82' lang='lat' dir='ltr'><strong>intelligi,</strong></span> <span class='ocrx_word' id='word_1_268' title='bbox 1641 2036 1675 2090; x_wconf 91' lang='lat' dir='ltr'><strong>et</strong></span> <span class='ocrx_word' id='word_1_269' title='bbox 1702 2025 1790 2111; x_wconf 92' lang='lat' dir='ltr'><strong>quod</strong></span> <span class='ocrx_word' id='word_1_270' title='bbox 1814 2022 1870 2090; x_wconf 88' lang='lat' dir='ltr'><strong>lex</strong></span> <span class='ocrx_word' id='word_1_271' title='bbox 1897 2043 1966 2088; x_wconf 91' lang='lat' dir='ltr'><strong>non</strong></span> <span class='ocrx_word' id='word_1_272' title='bbox 1990 2026 2114 2108; x_wconf 86' lang='lat' dir='ltr'><strong>possit</strong></span> <span class='ocrx_word' id='word_1_273' title='bbox 2135 2023 2205 2089; x_wconf 83' lang='lat' dir='ltr'><strong>fieri</strong></span> 
     </span>
     <span class='ocr_line' id='line_1_20' title="bbox 178 2108 2204 2199; baseline -0.002 -20"><span class='ocrx_word' id='word_1_274' title='bbox 178 2113 274 2179; x_wconf 88' lang='lat' dir='ltr'><strong>Sicut</strong></span> <span class='ocrx_word' id='word_1_275' title='bbox 307 2115 408 2199; x_wconf 83' lang='lat' dir='ltr'><strong>igitur</strong></span> <span class='ocrx_word' id='word_1_276' title='bbox 440 2110 526 2176; x_wconf 89' lang='lat' dir='ltr'><strong>haec</strong></span> <span class='ocrx_word' id='word_1_277' title='bbox 549 2113 658 2178; x_wconf 84' lang='lat' dir='ltr'><strong>¹verba</strong></span> <span class='ocrx_word' id='word_1_278' title='bbox 691 2108 772 2177; x_wconf 87' lang='lat' dir='ltr'><strong>nihil</strong></span> <span class='ocrx_word' id='word_1_279' title='bbox 798 2110 924 2175; x_wconf 88' lang='lat' dir='ltr'><strong>habent</strong></span> <span class='ocrx_word' id='word_1_280' title='bbox 950 2110 1160 2188; x_wconf 87' lang='lat' dir='ltr'><strong>incommodi,</strong></span> <span class='ocrx_word' id='word_1_281' title='bbox 1183 2111 1187 2191; x_wconf 79' lang='grc' dir='ltr'>ξ</span> <span class='ocrx_word' id='word_1_282' title='bbox 1209 2111 1272 2175; x_wconf 91' lang='lat' dir='ltr'><strong>nisi</strong></span> <span class='ocrx_word' id='word_1_283' title='bbox 1295 2109 1362 2175; x_wconf 89' lang='lat' dir='ltr'><strong>fide</strong></span> <span class='ocrx_word' id='word_1_284' title='bbox 1383 2111 1417 2174; x_wconf 90' lang='lat' dir='ltr'><strong>in</strong></span> <span class='ocrx_word' id='word_1_285' title='bbox 1439 2108 1610 2176; x_wconf 85' lang='lat' dir='ltr'><strong>Christum</strong></span> <span class='ocrx_word' id='word_1_286' title='bbox 1632 2112 1740 2175; x_wconf 85' lang='lat' dir='ltr'><strong>renati</strong></span> <span class='ocrx_word' id='word_1_287' title='bbox 1756 2130 1887 2189; x_wconf 89' lang='lat' dir='ltr'><strong>sumus,</strong></span> <span class='ocrx_word' id='word_1_288' title='bbox 1909 2109 2007 2175; x_wconf 88' lang='lat' dir='ltr'><strong>Sicut</strong></span> <span class='ocrx_word' id='word_1_289' title='bbox 2031 2112 2087 2175; x_wconf 91' lang='lat' dir='ltr'><strong>ait</strong></span> <span class='ocrx_word' id='word_1_290' title='bbox 2111 2110 2204 2175; x_wconf 88' lang='lat' dir='ltr'><strong>Chri·</strong></span> 
     </span>
     <span class='ocr_line' id='line_1_21' title="bbox 176 2193 2208 2344; baseline -0.002 -79"><span class='ocrx_word' id='word_1_291' title='bbox 176 2199 338 2264; x_wconf 72' lang='lat' dir='ltr'><strong>faetores</strong></span> <span class='ocrx_word' id='word_1_292' title='bbox 359 2197 446 2344; x_wconf 74' lang='lat' dir='ltr'><strong>leqis</strong></span> <span class='ocrx_word' id='word_1_293' title='bbox 467 2198 753 2279; x_wconf 77' lang='lat' dir='ltr'><strong>laetificabuntur,</strong></span> <span class='ocrx_word' id='word_1_294' title='bbox 775 2194 826 2261; x_wconf 92' lang='lat' dir='ltr'><strong>lta</strong></span> <span class='ocrx_word' id='word_1_295' title='bbox 848 2196 890 2261; x_wconf 89' lang='lat' dir='ltr'><strong>de</strong></span> <span class='ocrx_word' id='word_1_296' title='bbox 912 2195 1025 2262; x_wconf 90' lang='lat' dir='ltr'><strong>lacobi</strong></span> <span class='ocrx_word' id='word_1_297' title='bbox 1047 2196 1160 2260; x_wconf 87' lang='lat' dir='ltr'><strong>verbis</strong></span> <span class='ocrx_word' id='word_1_298' title='bbox 1184 2242 1187 2271; x_wconf 63' lang='grc'><strong><em>;</em></strong></span> <span class='ocrx_word' id='word_1_299' title='bbox 1210 2208 1296 2271; x_wconf 86' lang='lat' dir='ltr'><strong>stus,</strong></span> <span class='ocrx_word' id='word_1_300' title='bbox 1319 2195 1401 2260; x_wconf 83' lang='lat' dir='ltr'><strong>Sine</strong></span> <span class='ocrx_word' id='word_1_301' title='bbox 1421 2215 1475 2261; x_wconf 90' lang='lat' dir='ltr'><strong>me</strong></span> <span class='ocrx_word' id='word_1_302' title='bbox 1497 2194 1578 2260; x_wconf 85' lang='lat' dir='ltr'><strong>nihil</strong></span> <span class='ocrx_word' id='word_1_303' title='bbox 1598 2198 1739 2282; x_wconf 90' lang='lat' dir='ltr'><strong>potestis</strong></span> <span class='ocrx_word' id='word_1_304' title='bbox 1760 2193 1889 2261; x_wconf 85' lang='lat' dir='ltr'><strong>faeere.</strong></span> <span class='ocrx_word' id='word_1_305' title='bbox 1931 2194 1975 2261; x_wconf 83' lang='lat' dir='ltr'><strong>Et</strong></span> <span class='ocrx_word' id='word_1_306' title='bbox 1998 2206 2039 2261; x_wconf 84' lang='lat' dir='ltr'><strong>vt-</strong></span> <span class='ocrx_word' id='word_1_307' title='bbox 2063 2198 2208 2261; x_wconf 90' lang='lat' dir='ltr'><strong>maxime</strong></span> 
     </span>
     <span class='ocr_line' id='line_1_22' title="bbox 176 2280 2207 2366; baseline -0.001 -16"><span class='ocrx_word' id='word_1_308' title='bbox 176 2287 356 2363; x_wconf 81' lang='lat' dir='ltr'><strong>sentinae,</strong></span> <span class='ocrx_word' id='word_1_309' title='bbox 410 2283 594 2348; x_wconf 86' lang='lat' dir='ltr'><strong>ustificatur</strong></span> <span class='ocrx_word' id='word_1_310' title='bbox 621 2283 738 2362; x_wconf 91' lang='lat' dir='ltr'><strong>homo,</strong></span> <span class='ocrx_word' id='word_1_311' title='bbox 772 2302 841 2349; x_wconf 88' lang='lat' dir='ltr'><strong>non</strong></span> <span class='ocrx_word' id='word_1_312' title='bbox 871 2280 981 2347; x_wconf 88' lang='lat' dir='ltr'><strong>solum</strong></span> <span class='ocrx_word' id='word_1_313' title='bbox 1009 2302 1051 2346; x_wconf 88' lang='lat' dir='ltr'><strong>ex</strong></span> <span class='ocrx_word' id='word_1_314' title='bbox 1080 2280 1188 2359; x_wconf 53' lang='lat' dir='ltr'><strong>fides</strong></span> <span class='ocrx_word' id='word_1_315' title='bbox 1210 2281 1282 2346; x_wconf 84' lang='lat' dir='ltr'><strong>fieri</strong></span> <span class='ocrx_word' id='word_1_316' title='bbox 1303 2283 1437 2366; x_wconf 89' lang='lat' dir='ltr'><strong>possint</strong></span> <span class='ocrx_word' id='word_1_317' title='bbox 1481 2285 1624 2348; x_wconf 86' lang='lat' dir='ltr'><strong>uaedam</strong></span> <span class='ocrx_word' id='word_1_318' title='bbox 1646 2295 1784 2348; x_wconf 86' lang='lat' dir='ltr'><strong>externa</strong></span> <span class='ocrx_word' id='word_1_319' title='bbox 1805 2301 1926 2365; x_wconf 87' lang='lat' dir='ltr'><strong>opera,</strong></span> <span class='ocrx_word' id='word_1_320' title='bbox 1946 2282 2134 2347; x_wconf 85' lang='lat' dir='ltr'><strong>retinenda</strong></span> <span class='ocrx_word' id='word_1_321' title='bbox 2155 2292 2207 2347; x_wconf 80' lang='lat' dir='ltr'><strong>est</strong></span> 
     </span>
     <span class='ocr_line' id='line_1_23' title="bbox 179 2364 2207 2453; baseline -0.001 -17"><span class='ocrx_word' id='word_1_322' title='bbox 179 2373 239 2437; x_wconf 85' lang='lat' dir='ltr'><strong>sed</strong></span> <span class='ocrx_word' id='word_1_323' title='bbox 269 2372 369 2435; x_wconf 91' lang='lat' dir='ltr'><strong>etiam</strong></span> <span class='ocrx_word' id='word_1_324' title='bbox 396 2390 440 2433; x_wconf 83' lang='lat' dir='ltr'><strong>ex</strong></span> <span class='ocrx_word' id='word_1_325' title='bbox 468 2371 638 2453; x_wconf 89' lang='lat' dir='ltr'><strong>operibus.</strong></span> <span class='ocrx_word' id='word_1_326' title='bbox 684 2368 771 2442; x_wconf 85' lang='lat' dir='ltr'><strong>Quia</strong></span> <span class='ocrx_word' id='word_1_327' title='bbox 800 2381 891 2433; x_wconf 90' lang='lat' dir='ltr'><strong>certe</strong></span> <span class='ocrx_word' id='word_1_328' title='bbox 919 2367 997 2432; x_wconf 91' lang='lat' dir='ltr'><strong>iusti</strong></span> <span class='ocrx_word' id='word_1_329' title='bbox 1017 2386 1160 2451; x_wconf 89' lang='lat' dir='ltr'><strong>pronun·</strong></span> <span class='ocrx_word' id='word_1_330' title='bbox 1210 2367 1296 2433; x_wconf 90' lang='lat' dir='ltr'><strong>haee</strong></span> <span class='ocrx_word' id='word_1_331' title='bbox 1317 2368 1435 2434; x_wconf 85' lang='lat' dir='ltr'><strong>rniuer</strong></span> <span class='ocrx_word' id='word_1_332' title='bbox 1490 2370 1519 2433; x_wconf 90' lang='lat' dir='ltr'><strong>is</strong></span> <span class='ocrx_word' id='word_1_333' title='bbox 1541 2372 1718 2446; x_wconf 84' lang='lat' dir='ltr'><strong>sententia,</strong></span> <span class='ocrx_word' id='word_1_334' title='bbox 1741 2386 1829 2453; x_wconf 87' lang='lat' dir='ltr'><strong>quae</strong></span> <span class='ocrx_word' id='word_1_335' title='bbox 1850 2378 1953 2433; x_wconf 90' lang='lat' dir='ltr'><strong>totam</strong></span> <span class='ocrx_word' id='word_1_336' title='bbox 1970 2364 2090 2453; x_wconf 80' lang='lat' dir='ltr'><strong>legem</strong></span> <span class='ocrx_word' id='word_1_337' title='bbox 2110 2369 2207 2434; x_wconf 73' lang='lat' dir='ltr'><strong>inter</strong></span> 
     </span>
     <span class='ocr_line' id='line_1_24' title="bbox 179 2450 2204 2538; baseline -0.001 -18"><span class='ocrx_word' id='word_1_338' title='bbox 179 2459 309 2521; x_wconf 86' lang='lat' dir='ltr'><strong>ciuntur</strong></span> <span class='ocrx_word' id='word_1_339' title='bbox 340 2455 490 2520; x_wconf 83' lang='lat' dir='ltr'><strong>homines</strong></span> <span class='ocrx_word' id='word_1_340' title='bbox 518 2454 680 2519; x_wconf 86' lang='lat' dir='ltr'><strong>habentes</strong></span> <span class='ocrx_word' id='word_1_341' title='bbox 713 2455 829 2530; x_wconf 84' lang='lat' dir='ltr'><strong>fidem,</strong></span> <span class='ocrx_word' id='word_1_342' title='bbox 869 2465 901 2518; x_wconf 87' lang='lat' dir='ltr'><strong>et</strong></span> <span class='ocrx_word' id='word_1_343' title='bbox 929 2455 1018 2517; x_wconf 92' lang='lat' dir='ltr'><strong>bona</strong></span> <span class='ocrx_word' id='word_1_344' title='bbox 1046 2472 1188 2537; x_wconf 84' lang='lat' dir='ltr'><strong>opera.÷</strong></span> <span class='ocrx_word' id='word_1_345' title='bbox 1232 2464 1370 2533; x_wconf 88' lang='lat' dir='ltr'><strong>rotatur,</strong></span> <span class='ocrx_word' id='word_1_346' title='bbox 1403 2452 1485 2518; x_wconf 89' lang='lat' dir='ltr'><strong>Sine</strong></span> <span class='ocrx_word' id='word_1_347' title='bbox 1515 2454 1583 2519; x_wconf 87' lang='lat' dir='ltr'><strong>fide</strong></span> <span class='ocrx_word' id='word_1_348' title='bbox 1613 2452 1822 2538; x_wconf 80' lang='lat' dir='ltr'><strong>impossibile</strong></span> <span class='ocrx_word' id='word_1_349' title='bbox 1855 2466 1908 2517; x_wconf 88' lang='lat' dir='ltr'><strong>est</strong></span> <span class='ocrx_word' id='word_1_350' title='bbox 1939 2450 2085 2538; x_wconf 88' lang='lat' dir='ltr'><strong>plaeere</strong></span> <span class='ocrx_word' id='word_1_351' title='bbox 2116 2453 2204 2533; x_wconf 88' lang='lat' dir='ltr'><strong>Deo,</strong></span> 
     </span>
     <span class='ocr_line' id='line_1_25' title="bbox 178 2474 2204 2630; baseline 0 -23"><span class='ocrx_word' id='word_1_352' title='bbox 178 2542 264 2607; x_wconf 89' lang='lat' dir='ltr'><strong>Nam</strong></span> <span class='ocrx_word' id='word_1_353' title='bbox 291 2543 380 2605; x_wconf 89' lang='lat' dir='ltr'><strong>bona</strong></span> <span class='ocrx_word' id='word_1_354' title='bbox 408 2560 511 2625; x_wconf 86' lang='lat' dir='ltr'><strong>opera</strong></span> <span class='ocrx_word' id='word_1_355' title='bbox 539 2542 573 2603; x_wconf 94' lang='lat' dir='ltr'><strong>in</strong></span> <span class='ocrx_word' id='word_1_356' title='bbox 602 2540 748 2618; x_wconf 86' lang='lat' dir='ltr'><strong>sanctis,</strong></span> <span class='ocrx_word' id='word_1_357' title='bbox 777 2552 813 2603; x_wconf 85' lang='lat' dir='ltr'><strong>vt</strong></span> <span class='ocrx_word' id='word_1_358' title='bbox 835 2540 990 2630; x_wconf 82' lang='lat' dir='ltr'><strong>diximus,</strong></span> <span class='ocrx_word' id='word_1_359' title='bbox 1017 2542 1071 2616; x_wconf 77' lang='lat'><strong>⁵⁶)</strong></span> <span class='ocrx_word' id='word_1_360' title='bbox 1084 2548 1163 2603; x_wconf 91' lang='lat' dir='ltr'><strong>sunt</strong></span> <span class='ocrx_word' id='word_1_361' title='bbox 1185 2542 1187 2547; x_wconf 84' lang='lat'>&#39;</span> <span class='ocrx_word' id='word_1_362' title='bbox 1209 2474 1431 2604; x_wconf 69' lang='lat' dir='ltr'><strong>listinandum</strong></span> <span class='ocrx_word' id='word_1_363' title='bbox 1463 2551 1518 2604; x_wconf 92' lang='lat' dir='ltr'><strong>est</strong></span> <span class='ocrx_word' id='word_1_364' title='bbox 1543 2538 1778 2625; x_wconf 83' lang='lat' dir='ltr'><strong>Euangelium,</strong></span> <span class='ocrx_word' id='word_1_365' title='bbox 1812 2540 1902 2625; x_wconf 87' lang='lat' dir='ltr'><strong>quod</strong></span> <span class='ocrx_word' id='word_1_366' title='bbox 1935 2558 1998 2624; x_wconf 89' lang='lat' dir='ltr'><strong>por</strong></span> <span class='ocrx_word' id='word_1_367' title='bbox 2025 2537 2204 2608; x_wconf 76' lang='lat' dir='ltr'><strong>Christum</strong></span> 
     </span>
     <span class='ocr_line' id='line_1_26' title="bbox 177 2623 1931 2711; baseline -0.002 -18"><span class='ocrx_word' id='word_1_368' title='bbox 177 2627 343 2705; x_wconf 85' lang='lat' dir='ltr'><strong>iusticiae,</strong></span> <span class='ocrx_word' id='word_1_369' title='bbox 367 2637 399 2690; x_wconf 89' lang='lat' dir='ltr'><strong>et</strong></span> <span class='ocrx_word' id='word_1_370' title='bbox 420 2623 555 2711; x_wconf 86' lang='lat' dir='ltr'><strong>placent</strong></span> <span class='ocrx_word' id='word_1_371' title='bbox 575 2634 712 2709; x_wconf 89' lang='lat' dir='ltr'><strong>propter</strong></span> <span class='ocrx_word' id='word_1_372' title='bbox 733 2624 842 2689; x_wconf 89' lang='lat' dir='ltr'><strong>fidem.</strong></span> <span class='ocrx_word' id='word_1_373' title='bbox 876 2625 963 2690; x_wconf 88' lang='lat' dir='ltr'><strong>Nam</strong></span> <span class='ocrx_word' id='word_1_374' title='bbox 984 2623 1070 2689; x_wconf 87' lang='lat' dir='ltr'><strong>haec</strong></span> <span class='ocrx_word' id='word_1_375' title='bbox 1091 2635 1162 2688; x_wconf 90' lang='lat' dir='ltr'><strong>tan·</strong></span> <span class='ocrx_word' id='word_1_376' title='bbox 1210 2626 1394 2693; x_wconf 79' lang='lat' dir='ltr'><strong>habeamus</strong></span> <span class='ocrx_word' id='word_1_377' title='bbox 1417 2643 1594 2691; x_wconf 89' lang='lat' dir='ltr'><strong>accessum</strong></span> <span class='ocrx_word' id='word_1_378' title='bbox 1616 2630 1661 2691; x_wconf 87' lang='lat' dir='ltr'><strong>od</strong></span> <span class='ocrx_word' id='word_1_379' title='bbox 1682 2627 1827 2691; x_wconf 89' lang='lat' dir='ltr'><strong>Patrem.</strong></span> <span class='ocrx_word' id='word_1_380' title='bbox 1928 2638 1931 2647; x_wconf 73' lang='lat'>¹</span> 
     </span>
     <span class='ocr_line' id='line_1_27' title="bbox 177 2705 2204 2797; baseline -0.001 -20"><span class='ocrx_word' id='word_1_381' title='bbox 177 2724 247 2778; x_wconf 91' lang='lat' dir='ltr'><strong>tum</strong></span> <span class='ocrx_word' id='word_1_382' title='bbox 280 2731 384 2796; x_wconf 89' lang='lat' dir='ltr'><strong>opera</strong></span> <span class='ocrx_word' id='word_1_383' title='bbox 416 2712 585 2797; x_wconf 89' lang='lat' dir='ltr'><strong>praedicat</strong></span> <span class='ocrx_word' id='word_1_384' title='bbox 619 2711 779 2790; x_wconf 90' lang='lat' dir='ltr'><strong>lacobus,</strong></span> <span class='ocrx_word' id='word_1_385' title='bbox 814 2729 899 2796; x_wconf 87' lang='lat' dir='ltr'><strong>quae</strong></span> <span class='ocrx_word' id='word_1_386' title='bbox 930 2711 1016 2775; x_wconf 90' lang='lat' dir='ltr'><strong>fides</strong></span> <span class='ocrx_word' id='word_1_387' title='bbox 1049 2705 1190 2788; x_wconf 64' lang='lat' dir='ltr'><strong>efficiti</strong></span> <span class='ocrx_word' id='word_1_388' title='bbox 1299 2709 1440 2776; x_wconf 83' lang='lat' dir='ltr'><strong>Constat</strong></span> <span class='ocrx_word' id='word_1_389' title='bbox 1467 2711 1552 2775; x_wconf 89' lang='lat' dir='ltr'><strong>enim</strong></span> <span class='ocrx_word' id='word_1_390' title='bbox 1580 2713 1671 2797; x_wconf 89' lang='lat' dir='ltr'><strong>quod</strong></span> <span class='ocrx_word' id='word_1_391' title='bbox 1696 2731 1765 2777; x_wconf 92' lang='lat' dir='ltr'><strong>non</strong></span> <span class='ocrx_word' id='word_1_392' title='bbox 1793 2708 2011 2775; x_wconf 88' lang='lat' dir='ltr'><strong>iustificamur</strong></span> <span class='ocrx_word' id='word_1_393' title='bbox 2040 2729 2089 2774; x_wconf 85' lang='lat' dir='ltr'><strong>ex</strong></span> <span class='ocrx_word' id='word_1_394' title='bbox 2118 2707 2204 2796; x_wconf 75' lang='lat' dir='ltr'><strong>lege,</strong></span> 
     </span>
     <span class='ocr_line' id='line_1_28' title="bbox 179 2794 2204 2946; baseline 0 -84"><span class='ocrx_word' id='word_1_395' title='bbox 179 2799 266 2863; x_wconf 88' lang='lat' dir='ltr'><strong>sicut</strong></span> <span class='ocrx_word' id='word_1_396' title='bbox 288 2808 442 2876; x_wconf 89' lang='lat' dir='ltr'><strong>testatur,</strong></span> <span class='ocrx_word' id='word_1_397' title='bbox 463 2819 537 2862; x_wconf 90' lang='lat' dir='ltr'><strong>cum</strong></span> <span class='ocrx_word' id='word_1_398' title='bbox 556 2799 598 2861; x_wconf 91' lang='lat' dir='ltr'><strong>de</strong></span> <span class='ocrx_word' id='word_1_399' title='bbox 616 2796 788 2862; x_wconf 83' lang='lat' dir='ltr'><strong>Abraham</strong></span> <span class='ocrx_word' id='word_1_400' title='bbox 806 2798 895 2874; x_wconf 90' lang='lat' dir='ltr'><strong>dicit,</strong></span> <span class='ocrx_word' id='word_1_401' title='bbox 917 2796 1163 2862; x_wconf 81' lang='lat' dir='ltr'><strong>Fidesadiuuet</strong></span> <span class='ocrx_word' id='word_1_402' title='bbox 1211 2794 1348 2882; x_wconf 88' lang='lat' dir='ltr'><strong>Alioqui</strong></span> <span class='ocrx_word' id='word_1_403' title='bbox 1370 2815 1530 2946; x_wconf 82' lang='lat' dir='ltr'><strong>quorsum</strong></span> <span class='ocrx_word' id='word_1_404' title='bbox 1558 2817 1644 2882; x_wconf 88' lang='lat' dir='ltr'><strong>opus</strong></span> <span class='ocrx_word' id='word_1_405' title='bbox 1665 2808 1759 2864; x_wconf 88' lang='lat' dir='ltr'><strong>esset</strong></span> <span class='ocrx_word' id='word_1_406' title='bbox 1780 2796 1937 2874; x_wconf 88' lang='lat' dir='ltr'><strong>Christo,</strong></span> <span class='ocrx_word' id='word_1_407' title='bbox 1968 2806 2028 2861; x_wconf 90' lang='lat' dir='ltr'><strong>aut</strong></span> <span class='ocrx_word' id='word_1_408' title='bbox 2050 2796 2204 2881; x_wconf 78' lang='lat' dir='ltr'><strong>Euange</strong></span> 
     </span>
     <span class='ocr_line' id='line_1_29' title="bbox 178 2881 2205 2970; baseline -0.002 -19"><span class='ocrx_word' id='word_1_409' title='bbox 178 2904 283 2969; x_wconf 86' lang='lat' dir='ltr'><strong>opera</strong></span> <span class='ocrx_word' id='word_1_410' title='bbox 303 2886 387 2949; x_wconf 88' lang='lat' dir='ltr'><strong>cius.</strong></span> <span class='ocrx_word' id='word_1_411' title='bbox 431 2883 468 2947; x_wconf 92' lang='lat' dir='ltr'><strong>ln</strong></span> <span class='ocrx_word' id='word_1_412' title='bbox 490 2883 577 2948; x_wconf 89' lang='lat' dir='ltr'><strong>hanc</strong></span> <span class='ocrx_word' id='word_1_413' title='bbox 598 2885 807 2949; x_wconf 89' lang='lat' dir='ltr'><strong>sentenciam</strong></span> <span class='ocrx_word' id='word_1_414' title='bbox 836 2883 971 2961; x_wconf 89' lang='lat' dir='ltr'><strong>dicitur,</strong></span> <span class='ocrx_word' id='word_1_415' title='bbox 998 2883 1161 2948; x_wconf 83' lang='lat' dir='ltr'><strong>Fautores</strong></span> <span class='ocrx_word' id='word_1_416' title='bbox 1213 2882 1270 2962; x_wconf 90' lang='lat' dir='ltr'><strong>lio,</strong></span> <span class='ocrx_word' id='word_1_417' title='bbox 1290 2885 1323 2947; x_wconf 90' lang='lat' dir='ltr'><strong>si</strong></span> <span class='ocrx_word' id='word_1_418' title='bbox 1344 2903 1420 2950; x_wconf 84' lang='lat' dir='ltr'><strong>soa</strong></span> <span class='ocrx_word' id='word_1_419' title='bbox 1441 2884 1644 2968; x_wconf 88' lang='lat' dir='ltr'><strong>praedicatio</strong></span> <span class='ocrx_word' id='word_1_420' title='bbox 1667 2881 1756 2970; x_wconf 75' lang='lat' dir='ltr'><strong>legis</strong></span> <span class='ocrx_word' id='word_1_421' title='bbox 1773 2882 1957 2961; x_wconf 87' lang='lat' dir='ltr'><strong>sufficeret,</strong></span> <span class='ocrx_word' id='word_1_422' title='bbox 1975 2882 2036 2948; x_wconf 85' lang='lat' dir='ltr'><strong>Sic</strong></span> <span class='ocrx_word' id='word_1_423' title='bbox 2054 2884 2092 2947; x_wconf 91' lang='lat' dir='ltr'><strong>in</strong></span> <span class='ocrx_word' id='word_1_424' title='bbox 2111 2902 2205 2966; x_wconf 86' lang='lat' dir='ltr'><strong>prae·</strong></span> 
     </span>
     <span class='ocr_line' id='line_1_30' title="bbox 178 2965 2205 3056; baseline -0.001 -21"><span class='ocrx_word' id='word_1_425' title='bbox 178 2968 265 3056; x_wconf 83' lang='lat' dir='ltr'><strong>legis</strong></span> <span class='ocrx_word' id='word_1_426' title='bbox 282 2969 514 3048; x_wconf 87' lang='lat' dir='ltr'><strong>iustificantur,</strong></span> <span class='ocrx_word' id='word_1_427' title='bbox 538 2968 604 3033; x_wconf 88' lang='lat' dir='ltr'><strong>hoe</strong></span> <span class='ocrx_word' id='word_1_428' title='bbox 625 2981 689 3050; x_wconf 89' lang='lat' dir='ltr'><strong>est,</strong></span> <span class='ocrx_word' id='word_1_429' title='bbox 710 2970 789 3034; x_wconf 88' lang='lat' dir='ltr'><strong>iusti</strong></span> <span class='ocrx_word' id='word_1_430' title='bbox 810 2971 1084 3053; x_wconf 88' lang='lat' dir='ltr'><strong>pronunciantur,</strong></span> <span class='ocrx_word' id='word_1_431' title='bbox 1103 2970 1162 3054; x_wconf 89' lang='lat' dir='ltr'><strong>qui</strong></span> <span class='ocrx_word' id='word_1_432' title='bbox 1213 2970 1378 3035; x_wconf 88' lang='lat' dir='ltr'><strong>dicatione</strong></span> <span class='ocrx_word' id='word_1_433' title='bbox 1405 2970 1646 3051; x_wconf 78' lang='lat' dir='ltr'><strong>poenitentiae,</strong></span> <span class='ocrx_word' id='word_1_434' title='bbox 1675 2989 1744 3035; x_wconf 91' lang='lat' dir='ltr'><strong>non</strong></span> <span class='ocrx_word' id='word_1_435' title='bbox 1770 2966 1897 3033; x_wconf 87' lang='lat' dir='ltr'><strong>sufficit</strong></span> <span class='ocrx_word' id='word_1_436' title='bbox 1923 2968 2140 3054; x_wconf 85' lang='lat' dir='ltr'><strong>praedicatio</strong></span> <span class='ocrx_word' id='word_1_437' title='bbox 2159 2965 2205 3033; x_wconf 85' lang='lat' dir='ltr'><strong>le·</strong></span> 
     </span>
     <span class='ocr_line' id='line_1_31' title="bbox 179 3049 2204 3144; baseline -0.001 -23"><span class='ocrx_word' id='word_1_438' title='bbox 179 3058 283 3121; x_wconf 90' lang='lat' dir='ltr'><strong>corde</strong></span> <span class='ocrx_word' id='word_1_439' title='bbox 304 3055 540 3135; x_wconf 88' lang='lat' dir='ltr'><strong>creduntDeo,</strong></span> <span class='ocrx_word' id='word_1_440' title='bbox 563 3067 596 3122; x_wconf 89' lang='lat' dir='ltr'><strong>et</strong></span> <span class='ocrx_word' id='word_1_441' title='bbox 616 3056 736 3121; x_wconf 88' lang='lat' dir='ltr'><strong>deinde</strong></span> <span class='ocrx_word' id='word_1_442' title='bbox 753 3057 878 3121; x_wconf 91' lang='lat' dir='ltr'><strong>habent</strong></span> <span class='ocrx_word' id='word_1_443' title='bbox 894 3056 1002 3121; x_wconf 91' lang='lat' dir='ltr'><strong>bonos</strong></span> <span class='ocrx_word' id='word_1_444' title='bbox 1020 3053 1163 3133; x_wconf 74' lang='lat' dir='ltr'><strong>humus,</strong></span> <span class='ocrx_word' id='word_1_445' title='bbox 1214 3056 1286 3144; x_wconf 77' lang='lat' dir='ltr'><strong>gis,</strong></span> <span class='ocrx_word' id='word_1_446' title='bbox 1315 3074 1377 3121; x_wconf 88' lang='lat' dir='ltr'><strong>sen</strong></span> <span class='ocrx_word' id='word_1_447' title='bbox 1395 3057 1535 3121; x_wconf 89' lang='lat' dir='ltr'><strong>verbum</strong></span> <span class='ocrx_word' id='word_1_448' title='bbox 1562 3075 1710 3142; x_wconf 77' lang='lat' dir='ltr'><strong>arguens</strong></span> <span class='ocrx_word' id='word_1_449' title='bbox 1737 3065 1896 3141; x_wconf 81' lang='lat' dir='ltr'><strong>peccata,</strong></span> <span class='ocrx_word' id='word_1_450' title='bbox 1928 3055 2009 3139; x_wconf 87' lang='lat' dir='ltr'><strong>quia</strong></span> <span class='ocrx_word' id='word_1_451' title='bbox 2034 3049 2095 3119; x_wconf 86' lang='lat' dir='ltr'><strong>lex</strong></span> <span class='ocrx_word' id='word_1_452' title='bbox 2121 3056 2204 3119; x_wconf 72' lang='lat' dir='ltr'><strong>ham</strong></span> 
     </span>
     <span class='ocr_line' id='line_1_32' title="bbox 181 3137 2204 3229; baseline -0 -23"><span class='ocrx_word' id='word_1_453' title='bbox 181 3143 239 3225; x_wconf 83' lang='lat' dir='ltr'><strong>qui</strong></span> <span class='ocrx_word' id='word_1_454' title='bbox 268 3137 405 3224; x_wconf 90' lang='lat' dir='ltr'><strong>placent</strong></span> <span class='ocrx_word' id='word_1_455' title='bbox 430 3152 567 3227; x_wconf 91' lang='lat' dir='ltr'><strong>propter</strong></span> <span class='ocrx_word' id='word_1_456' title='bbox 593 3140 709 3229; x_wconf 68' lang='lat' dir='ltr'><strong>fidens,</strong></span> <span class='ocrx_word' id='word_1_457' title='bbox 738 3142 884 3227; x_wconf 88' lang='lat' dir='ltr'><strong>ideoque</strong></span> <span class='ocrx_word' id='word_1_458' title='bbox 911 3153 990 3206; x_wconf 87' lang='lat' dir='ltr'><strong>sunt</strong></span> <span class='ocrx_word' id='word_1_459' title='bbox 1016 3140 1163 3225; x_wconf 88' lang='lat' dir='ltr'><strong>impletio</strong></span> <span class='ocrx_word' id='word_1_460' title='bbox 1214 3152 1385 3227; x_wconf 85' lang='lat' dir='ltr'><strong>operatur,</strong></span> <span class='ocrx_word' id='word_1_461' title='bbox 1411 3151 1539 3207; x_wconf 87' lang='lat' dir='ltr'><strong>tautum</strong></span> <span class='ocrx_word' id='word_1_462' title='bbox 1560 3154 1719 3221; x_wconf 87' lang='lat' dir='ltr'><strong>accusat,</strong></span> <span class='ocrx_word' id='word_1_463' title='bbox 1745 3152 1873 3207; x_wconf 87' lang='lat' dir='ltr'><strong>tantum</strong></span> <span class='ocrx_word' id='word_1_464' title='bbox 1894 3149 2000 3206; x_wconf 83' lang='lat' dir='ltr'><strong>terret</strong></span> <span class='ocrx_word' id='word_1_465' title='bbox 2023 3140 2204 3207; x_wconf 85' lang='lat' dir='ltr'><strong>conscien-</strong></span> 
     </span>
     <span class='ocr_line' id='line_1_33' title="bbox 180 3223 2204 3315; baseline -0 -24"><span class='ocrx_word' id='word_1_466' title='bbox 180 3224 277 3311; x_wconf 85' lang='lat' dir='ltr'><strong>legis.</strong></span> <span class='ocrx_word' id='word_1_467' title='bbox 322 3223 416 3290; x_wconf 88' lang='lat' dir='ltr'><strong>Haec</strong></span> <span class='ocrx_word' id='word_1_468' title='bbox 437 3225 628 3311; x_wconf 91' lang='lat' dir='ltr'><strong>simpliciter</strong></span> <span class='ocrx_word' id='word_1_469' title='bbox 649 3230 694 3291; x_wconf 84' lang='lat' dir='ltr'><strong>ita</strong></span> <span class='ocrx_word' id='word_1_470' title='bbox 714 3229 804 3292; x_wconf 87' lang='lat' dir='ltr'><strong>dicta</strong></span> <span class='ocrx_word' id='word_1_471' title='bbox 826 3225 908 3292; x_wconf 89' lang='lat' dir='ltr'><strong>nibil</strong></span> <span class='ocrx_word' id='word_1_472' title='bbox 928 3226 1053 3292; x_wconf 86' lang='lat' dir='ltr'><strong>habent</strong></span> <span class='ocrx_word' id='word_1_473' title='bbox 1072 3229 1164 3310; x_wconf 85' lang='lat' dir='ltr'><strong>vicij,</strong></span> <span class='ocrx_word' id='word_1_474' title='bbox 1213 3231 1298 3307; x_wconf 89' lang='lat' dir='ltr'><strong>tias,</strong></span> <span class='ocrx_word' id='word_1_475' title='bbox 1324 3229 1402 3313; x_wconf 86' lang='lat' dir='ltr'><strong>quia</strong></span> <span class='ocrx_word' id='word_1_476' title='bbox 1430 3229 1656 3295; x_wconf 90' lang='lat' dir='ltr'><strong>conscientiae</strong></span> <span class='ocrx_word' id='word_1_477' title='bbox 1678 3248 1847 3315; x_wconf 90' lang='lat' dir='ltr'><strong>nunquam</strong></span> <span class='ocrx_word' id='word_1_478' title='bbox 1869 3225 2114 3312; x_wconf 88' lang='lat' dir='ltr'><strong>acquiescunt,</strong></span> <span class='ocrx_word' id='word_1_479' title='bbox 2141 3226 2204 3291; x_wconf 89' lang='lat' dir='ltr'><strong>nlsi</strong></span> 
     </span>
     <span class='ocr_line' id='line_1_34' title="bbox 181 3310 2202 3400; baseline -0 -23"><span class='ocrx_word' id='word_1_480' title='bbox 181 3314 243 3377; x_wconf 88' lang='lat' dir='ltr'><strong>sed</strong></span> <span class='ocrx_word' id='word_1_481' title='bbox 273 3312 497 3393; x_wconf 89' lang='lat' dir='ltr'><strong>depreuantur</strong></span> <span class='ocrx_word' id='word_1_482' title='bbox 525 3314 567 3376; x_wconf 89' lang='lat' dir='ltr'><strong>ab</strong></span> <span class='ocrx_word' id='word_1_483' title='bbox 597 3313 812 3397; x_wconf 89' lang='lat' dir='ltr'><strong>aduersarijs,</strong></span> <span class='ocrx_word' id='word_1_484' title='bbox 839 3315 896 3398; x_wconf 88' lang='lat' dir='ltr'><strong>qui</strong></span> <span class='ocrx_word' id='word_1_485' title='bbox 923 3313 965 3377; x_wconf 89' lang='lat' dir='ltr'><strong>de</strong></span> <span class='ocrx_word' id='word_1_486' title='bbox 986 3331 1048 3378; x_wconf 91' lang='lat' dir='ltr'><strong>suo</strong></span> <span class='ocrx_word' id='word_1_487' title='bbox 1067 3311 1164 3377; x_wconf 86' lang='lat' dir='ltr'><strong>aflin-</strong></span> <span class='ocrx_word' id='word_1_488' title='bbox 1213 3316 1349 3380; x_wconf 84' lang='lat' dir='ltr'><strong>audiam</strong></span> <span class='ocrx_word' id='word_1_489' title='bbox 1380 3334 1500 3379; x_wconf 88' lang='lat' dir='ltr'><strong>vocem</strong></span> <span class='ocrx_word' id='word_1_490' title='bbox 1528 3314 1610 3393; x_wconf 91' lang='lat' dir='ltr'><strong>Dei,</strong></span> <span class='ocrx_word' id='word_1_491' title='bbox 1642 3316 1677 3378; x_wconf 92' lang='lat' dir='ltr'><strong>in</strong></span> <span class='ocrx_word' id='word_1_492' title='bbox 1701 3334 1769 3400; x_wconf 84' lang='lat' dir='ltr'><strong>qua</strong></span> <span class='ocrx_word' id='word_1_493' title='bbox 1797 3311 1889 3379; x_wconf 88' lang='lat' dir='ltr'><strong>clare</strong></span> <span class='ocrx_word' id='word_1_494' title='bbox 1921 3310 2129 3396; x_wconf 86' lang='lat' dir='ltr'><strong>promittitur</strong></span> <span class='ocrx_word' id='word_1_495' title='bbox 2152 3331 2202 3377; x_wconf 89' lang='lat' dir='ltr'><strong>re-</strong></span> 
     </span>
     <span class='ocr_line' id='line_1_35' title="bbox 90 3396 2201 3485; baseline -0.001 -20"><span class='ocrx_word' id='word_1_496' title='bbox 90 3452 95 3465; x_wconf 92' lang='grc'><strong>..</strong></span> <span class='ocrx_word' id='word_1_497' title='bbox 180 3408 263 3484; x_wconf 81' lang='lat' dir='ltr'><strong>gunt</strong></span> <span class='ocrx_word' id='word_1_498' title='bbox 298 3398 417 3481; x_wconf 89' lang='lat' dir='ltr'><strong>impias</strong></span> <span class='ocrx_word' id='word_1_499' title='bbox 442 3398 627 3482; x_wconf 89' lang='lat' dir='ltr'><strong>opiniones.</strong></span> <span class='ocrx_word' id='word_1_500' title='bbox 678 3397 756 3461; x_wconf 90' lang='lat' dir='ltr'><strong>Non</strong></span> <span class='ocrx_word' id='word_1_501' title='bbox 784 3399 870 3462; x_wconf 85' lang='lat' dir='ltr'><strong>enim</strong></span> <span class='ocrx_word' id='word_1_502' title='bbox 903 3399 1053 3483; x_wconf 89' lang='lat' dir='ltr'><strong>sequitur</strong></span> <span class='ocrx_word' id='word_1_503' title='bbox 1072 3397 1163 3477; x_wconf 90' lang='lat' dir='ltr'><strong>hinc,</strong></span> <span class='ocrx_word' id='word_1_504' title='bbox 1213 3402 1330 3465; x_wconf 87' lang='lat' dir='ltr'><strong>missio</strong></span> <span class='ocrx_word' id='word_1_505' title='bbox 1356 3411 1582 3485; x_wconf 83' lang='lat' dir='ltr'><strong>peccaturum.</strong></span> <span class='ocrx_word' id='word_1_506' title='bbox 1631 3399 1711 3464; x_wconf 85' lang='lat' dir='ltr'><strong>ideo</strong></span> <span class='ocrx_word' id='word_1_507' title='bbox 1739 3419 1881 3467; x_wconf 87' lang='lat' dir='ltr'><strong>necesso</strong></span> <span class='ocrx_word' id='word_1_508' title='bbox 1908 3409 1962 3465; x_wconf 86' lang='lat' dir='ltr'><strong>est</strong></span> <span class='ocrx_word' id='word_1_509' title='bbox 1988 3397 2070 3463; x_wconf 84' lang='lat' dir='ltr'><strong>eddi</strong></span> <span class='ocrx_word' id='word_1_510' title='bbox 2092 3396 2201 3463; x_wconf 87' lang='lat' dir='ltr'><strong>Euan·</strong></span> 
     </span>
     <span class='ocr_line' id='line_1_36' title="bbox 180 3483 2201 3572; baseline 0.001 -25"><span class='ocrx_word' id='word_1_511' title='bbox 180 3503 285 3568; x_wconf 87' lang='lat' dir='ltr'><strong>opera</strong></span> <span class='ocrx_word' id='word_1_512' title='bbox 305 3485 425 3548; x_wconf 87' lang='lat' dir='ltr'><strong>mereri</strong></span> <span class='ocrx_word' id='word_1_513' title='bbox 445 3483 673 3548; x_wconf 87' lang='lat' dir='ltr'><strong>remissionem</strong></span> <span class='ocrx_word' id='word_1_514' title='bbox 695 3494 921 3568; x_wconf 88' lang='lat' dir='ltr'><strong>peccatorum,</strong></span> <span class='ocrx_word' id='word_1_515' title='bbox 942 3503 1046 3568; x_wconf 86' lang='lat' dir='ltr'><strong>opera</strong></span> <span class='ocrx_word' id='word_1_516' title='bbox 1067 3503 1164 3570; x_wconf 85' lang='lat' dir='ltr'><strong>rege·</strong></span> <span class='ocrx_word' id='word_1_517' title='bbox 1214 3483 1352 3572; x_wconf 80' lang='lat' dir='ltr'><strong>gelium,</strong></span> <span class='ocrx_word' id='word_1_518' title='bbox 1379 3486 1470 3572; x_wconf 91' lang='lat' dir='ltr'><strong>quod</strong></span> <span class='ocrx_word' id='word_1_519' title='bbox 1495 3496 1635 3570; x_wconf 89' lang='lat' dir='ltr'><strong>propter</strong></span> <span class='ocrx_word' id='word_1_520' title='bbox 1662 3484 1833 3553; x_wconf 81' lang='lat' dir='ltr'><strong>Christum</strong></span> <span class='ocrx_word' id='word_1_521' title='bbox 1859 3493 2001 3572; x_wconf 84' lang='lat' dir='ltr'><strong>peccata</strong></span> <span class='ocrx_word' id='word_1_522' title='bbox 2028 3486 2201 3549; x_wconf 86' lang='lat' dir='ltr'><strong>remittan-</strong></span> 
     </span>
     <span class='ocr_line' id='line_1_37' title="bbox 179 3569 2202 3658; baseline 0.001 -25"><span class='ocrx_word' id='word_1_523' title='bbox 179 3588 299 3634; x_wconf 87' lang='lat' dir='ltr'><strong>ncrare</strong></span> <span class='ocrx_word' id='word_1_524' title='bbox 332 3570 454 3650; x_wconf 90' lang='lat' dir='ltr'><strong>corda,</strong></span> <span class='ocrx_word' id='word_1_525' title='bbox 487 3589 591 3652; x_wconf 87' lang='lat' dir='ltr'><strong>opera</strong></span> <span class='ocrx_word' id='word_1_526' title='bbox 625 3587 704 3633; x_wconf 87' lang='lat' dir='ltr'><strong>esse</strong></span> <span class='ocrx_word' id='word_1_527' title='bbox 738 3569 1026 3654; x_wconf 79' lang='lat' dir='ltr'><strong>propiciationem,</strong></span> <span class='ocrx_word' id='word_1_528' title='bbox 1058 3589 1164 3655; x_wconf 90' lang='lat' dir='ltr'><strong>opera</strong></span> <span class='ocrx_word' id='word_1_529' title='bbox 1214 3583 1284 3651; x_wconf 89' lang='lat' dir='ltr'><strong>tur,</strong></span> <span class='ocrx_word' id='word_1_530' title='bbox 1306 3582 1340 3636; x_wconf 92' lang='lat' dir='ltr'><strong>et</strong></span> <span class='ocrx_word' id='word_1_531' title='bbox 1362 3572 1453 3658; x_wconf 90' lang='lat' dir='ltr'><strong>quod</strong></span> <span class='ocrx_word' id='word_1_532' title='bbox 1474 3569 1541 3636; x_wconf 83' lang='lat' dir='ltr'><strong>fide</strong></span> <span class='ocrx_word' id='word_1_533' title='bbox 1560 3574 1596 3637; x_wconf 92' lang='lat' dir='ltr'><strong>in</strong></span> <span class='ocrx_word' id='word_1_534' title='bbox 1618 3571 1787 3641; x_wconf 86' lang='lat' dir='ltr'><strong>Christum</strong></span> <span class='ocrx_word' id='word_1_535' title='bbox 1815 3588 2063 3656; x_wconf 85' lang='lat' dir='ltr'><strong>consequamur</strong></span> <span class='ocrx_word' id='word_1_536' title='bbox 2087 3571 2202 3635; x_wconf 84' lang='lat' dir='ltr'><strong>remis·</strong></span> 
     </span>
     <span class='ocr_line' id='line_1_38' title="bbox 180 3652 2202 3742; baseline 0.002 -25"><span class='ocrx_word' id='word_1_537' title='bbox 180 3652 318 3739; x_wconf 90' lang='lat' dir='ltr'><strong>placere</strong></span> <span class='ocrx_word' id='word_1_538' title='bbox 342 3657 416 3719; x_wconf 87' lang='lat' dir='ltr'><strong>sine</strong></span> <span class='ocrx_word' id='word_1_539' title='bbox 441 3655 662 3741; x_wconf 89' lang='lat' dir='ltr'><strong>propiciatore</strong></span> <span class='ocrx_word' id='word_1_540' title='bbox 681 3652 834 3732; x_wconf 85' lang='lat' dir='ltr'><strong>Christo,</strong></span> <span class='ocrx_word' id='word_1_541' title='bbox 856 3653 969 3740; x_wconf 90' lang='lat' dir='ltr'><strong>Opera</strong></span> <span class='ocrx_word' id='word_1_542' title='bbox 991 3674 1057 3719; x_wconf 92' lang='lat' dir='ltr'><strong>non</strong></span> <span class='ocrx_word' id='word_1_543' title='bbox 1079 3657 1162 3720; x_wconf 91' lang='lat' dir='ltr'><strong>indi·</strong></span> <span class='ocrx_word' id='word_1_544' title='bbox 1213 3660 1342 3723; x_wconf 84' lang='lat' dir='ltr'><strong>sionem</strong></span> <span class='ocrx_word' id='word_1_545' title='bbox 1386 3668 1610 3742; x_wconf 87' lang='lat' dir='ltr'><strong>peccatorum.</strong></span> <span class='ocrx_word' id='word_1_546' title='bbox 1670 3658 1708 3724; x_wconf 88' lang='lat' dir='ltr'><strong>Si</strong></span> <span class='ocrx_word' id='word_1_547' title='bbox 1740 3657 1922 3726; x_wconf 83' lang='lat' dir='ltr'><strong>excludunt</strong></span> <span class='ocrx_word' id='word_1_548' title='bbox 1957 3655 2150 3737; x_wconf 72' lang='lat' dir='ltr'><strong>aduersarii</strong></span> <span class='ocrx_word' id='word_1_549' title='bbox 2180 3675 2202 3721; x_wconf 82' lang='lat' dir='ltr'><strong>a</strong></span> 
     </span>
     <span class='ocr_line' id='line_1_39' title="bbox 181 3738 2200 3831; baseline 0.001 -26"><span class='ocrx_word' id='word_1_550' title='bbox 181 3759 263 3825; x_wconf 78' lang='lat' dir='ltr'><strong>gere</strong></span> <span class='ocrx_word' id='word_1_551' title='bbox 297 3741 518 3826; x_wconf 89' lang='lat' dir='ltr'><strong>propiciatore</strong></span> <span class='ocrx_word' id='word_1_552' title='bbox 551 3739 695 3808; x_wconf 88' lang='lat' dir='ltr'><strong>Christo.</strong></span> <span class='ocrx_word' id='word_1_553' title='bbox 711 3746 765 3819; x_wconf 66' lang='grc'><strong>66)</strong></span> <span class='ocrx_word' id='word_1_554' title='bbox 813 3740 943 3808; x_wconf 88' lang='lat' dir='ltr'><strong>Horum</strong></span> <span class='ocrx_word' id='word_1_555' title='bbox 968 3738 1051 3806; x_wconf 91' lang='lat' dir='ltr'><strong>nihil</strong></span> <span class='ocrx_word' id='word_1_556' title='bbox 1083 3742 1164 3807; x_wconf 90' lang='lat' dir='ltr'><strong>dicit</strong></span> <span class='ocrx_word' id='word_1_557' title='bbox 1212 3742 1460 3829; x_wconf 88' lang='lat' dir='ltr'><strong>praedicatione</strong></span> <span class='ocrx_word' id='word_1_558' title='bbox 1479 3745 1719 3828; x_wconf 85' lang='lat' dir='ltr'><strong>poenitentiae,</strong></span> <span class='ocrx_word' id='word_1_559' title='bbox 1741 3741 1960 3831; x_wconf 78' lang='lat' dir='ltr'><strong>Euangeliom</strong></span> <span class='ocrx_word' id='word_1_560' title='bbox 1980 3741 2026 3806; x_wconf 88' lang='lat' dir='ltr'><strong>de</strong></span> <span class='ocrx_word' id='word_1_561' title='bbox 2049 3740 2200 3817; x_wconf 81' lang='lat' dir='ltr'><strong>Christo,</strong></span> 
     </span>
     <span class='ocr_line' id='line_1_40' title="bbox 1212 3826 2199 3916; baseline -0.003 -21"><span class='ocrx_word' id='word_1_562' title='bbox 1212 3830 1330 3895; x_wconf 91' lang='lat' dir='ltr'><strong>merito</strong></span> <span class='ocrx_word' id='word_1_563' title='bbox 1367 3841 1448 3894; x_wconf 90' lang='lat' dir='ltr'><strong>sunt</strong></span> <span class='ocrx_word' id='word_1_564' title='bbox 1484 3830 1650 3894; x_wconf 87' lang='lat' dir='ltr'><strong>iudicandi</strong></span> <span class='ocrx_word' id='word_1_565' title='bbox 1683 3827 1869 3916; x_wconf 88' lang='lat' dir='ltr'><strong>blasphemi</strong></span> <span class='ocrx_word' id='word_1_566' title='bbox 1901 3831 2069 3894; x_wconf 87' lang='lat' dir='ltr'><strong>aduersus</strong></span> <span class='ocrx_word' id='word_1_567' title='bbox 2104 3826 2199 3892; x_wconf 88' lang='lat' dir='ltr'><strong>Chri·</strong></span> 
     </span>
     <span class='ocr_line' id='line_1_41' title="bbox 181 3913 2198 4002; baseline -0.004 -16"><span class='ocrx_word' id='word_1_568' title='bbox 181 3963 386 3977; x_wconf 86' lang='grc'><strong>---</strong></span> <span class='ocrx_word' id='word_1_569' title='bbox 1211 3930 1311 3982; x_wconf 85' lang='lat' dir='ltr'><strong>stum.</strong></span> <span class='ocrx_word' id='word_1_570' title='bbox 1367 3914 1483 4002; x_wconf 84' lang='lat' dir='ltr'><strong>ltaque</strong></span> <span class='ocrx_word' id='word_1_571' title='bbox 1515 3935 1592 3981; x_wconf 88' lang='lat' dir='ltr'><strong>cum</strong></span> <span class='ocrx_word' id='word_1_572' title='bbox 1623 3914 1743 3981; x_wconf 84' lang='lat' dir='ltr'><strong>Esaias</strong></span> <span class='ocrx_word' id='word_1_573' title='bbox 1776 3916 1882 4000; x_wconf 92' lang='lat' dir='ltr'><strong>primo</strong></span> <span class='ocrx_word' id='word_1_574' title='bbox 1910 3915 1993 4000; x_wconf 83' lang='lat' dir='ltr'><strong>Cap.</strong></span> <span class='ocrx_word' id='word_1_575' title='bbox 2023 3913 2198 3997; x_wconf 87' lang='lat' dir='ltr'><strong>praedicat</strong></span> 
     </span>
     <span class='ocr_line' id='line_1_42' title="bbox 1256 4000 2198 4089; baseline -0.001 -24"><span class='ocrx_word' id='word_1_576' title='bbox 1256 4002 1455 4068; x_wconf 87' lang='lat' dir='ltr'><strong>enitentiam.</strong></span> <span class='ocrx_word' id='word_1_577' title='bbox 1479 4001 1766 4089; x_wconf 71' lang='lat' dir='ltr'><strong>Quiesciteagere</strong></span> <span class='ocrx_word' id='word_1_578' title='bbox 1778 4020 1950 4089; x_wconf 83' lang='lat' dir='ltr'><strong>peruerse,</strong></span> <span class='ocrx_word' id='word_1_579' title='bbox 1962 4000 2083 4065; x_wconf 87' lang='lat' dir='ltr'><strong>discite</strong></span> <span class='ocrx_word' id='word_1_580' title='bbox 2097 4002 2198 4065; x_wconf 71' lang='lat' dir='ltr'><strong>bene</strong></span> 
     </span>
     <span class='ocr_line' id='line_1_43' title="bbox 183 4084 2196 4183; baseline -0.002 -30"><span class='ocrx_word' id='word_1_581' title='bbox 183 4117 231 4182; x_wconf 74' lang='lat' dir='ltr'><strong>ab)</strong></span> <span class='ocrx_word' id='word_1_582' title='bbox 250 4116 394 4183; x_wconf 75' lang='lat' dir='ltr'><strong>potentiae]</strong></span> <span class='ocrx_word' id='word_1_583' title='bbox 413 4118 493 4168; x_wconf 79' lang='lat' dir='ltr'><strong>Euiu.</strong></span> <span class='ocrx_word' id='word_1_584' title='bbox 512 4119 605 4167; x_wconf 58' lang='grc' dir='ltr'><strong>Η,</strong></span> <span class='ocrx_word' id='word_1_585' title='bbox 625 4116 758 4168; x_wconf 55' lang='lat' dir='ltr'><strong>,mmm</strong></span> <span class='ocrx_word' id='word_1_586' title='bbox 1224 4107 1343 4167; x_wconf 87' lang='lat' dir='ltr'><strong>acere,</strong></span> <span class='ocrx_word' id='word_1_587' title='bbox 1365 4089 1495 4173; x_wconf 87' lang='lat' dir='ltr'><strong>querite</strong></span> <span class='ocrx_word' id='word_1_588' title='bbox 1516 4088 1696 4166; x_wconf 71' lang='lat' dir='ltr'><strong>iusticiam,</strong></span> <span class='ocrx_word' id='word_1_589' title='bbox 1716 4089 1894 4154; x_wconf 79' lang='lat' dir='ltr'><strong>subuenite</strong></span> <span class='ocrx_word' id='word_1_590' title='bbox 1915 4103 2096 4173; x_wconf 81' lang='lat' dir='ltr'><strong>oppresso,</strong></span> <span class='ocrx_word' id='word_1_591' title='bbox 2117 4084 2196 4150; x_wconf 88' lang='lat' dir='ltr'><strong>iudi·</strong></span> 
     </span>
     <span class='ocr_line' id='line_1_44' title="bbox 179 4171 2196 4275; baseline -0.001 -22"><span class='ocrx_word' id='word_1_592' title='bbox 179 4202 227 4269; x_wconf 80' lang='lat' dir='ltr'><strong>bt)</strong></span> <span class='ocrx_word' id='word_1_593' title='bbox 246 4213 306 4255; x_wconf 90' lang='lat' dir='ltr'><strong>eunt</strong></span> <span class='ocrx_word' id='word_1_594' title='bbox 322 4206 449 4254; x_wconf 80' lang='lat' dir='ltr'><strong>iusticiae.</strong></span> <span class='ocrx_word' id='word_1_595' title='bbox 466 4211 491 4251; x_wconf 89' lang='lat' dir='ltr'><strong>et</strong></span> <span class='ocrx_word' id='word_1_596' title='bbox 508 4205 613 4267; x_wconf 86' lang='lat' dir='ltr'><strong>placent</strong></span> <span class='ocrx_word' id='word_1_597' title='bbox 630 4229 662 4241; x_wconf 93' lang='lat'>-</span> <span class='ocrx_word' id='word_1_598' title='bbox 675 4231 709 4239; x_wconf 93' lang='lat'><em>-</em></span> <span class='ocrx_word' id='word_1_599' title='bbox 725 4231 757 4240; x_wconf 93' lang='lat'>-</span> <span class='ocrx_word' id='word_1_600' title='bbox 776 4218 828 4253; x_wconf 91' lang='lat' dir='ltr'><strong>non</strong></span> <span class='ocrx_word' id='word_1_601' title='bbox 846 4204 967 4268; x_wconf 76' lang='lat' dir='ltr'><strong>indigere</strong></span> <span class='ocrx_word' id='word_1_602' title='bbox 985 4205 1158 4268; x_wconf 85' lang='lat' dir='ltr'><strong>propiciatore</strong></span> <span class='ocrx_word' id='word_1_603' title='bbox 1209 4186 1285 4239; x_wconf 59' lang='lat' dir='ltr'><strong>mle</strong></span> <span class='ocrx_word' id='word_1_604' title='bbox 1307 4173 1445 4259; x_wconf 64' lang='grc' dir='ltr'><strong>ΡΙΙΡῙΗΟ,</strong></span> <span class='ocrx_word' id='word_1_605' title='bbox 1468 4171 1636 4239; x_wconf 61' lang='lat' dir='ltr'><strong>defendste</strong></span> <span class='ocrx_word' id='word_1_606' title='bbox 1657 4174 1768 4253; x_wconf 76' lang='lat' dir='ltr'><strong>vldua,</strong></span> <span class='ocrx_word' id='word_1_607' title='bbox 1792 4186 1825 4238; x_wconf 62' lang='lat' dir='ltr'><strong>el</strong></span> <span class='ocrx_word' id='word_1_608' title='bbox 1845 4175 1966 4251; x_wconf 59' lang='lat' dir='ltr'><strong>milet</strong></span> <span class='ocrx_word' id='word_1_609' title='bbox 1983 4182 2017 4236; x_wconf 54' lang='lat'><strong>0²</strong></span> <span class='ocrx_word' id='word_1_610' title='bbox 2035 4181 2196 4275; x_wconf 57' lang='lat'><strong>⁰¹2⁰⁸¹¹²⁶</strong></span> 
     </span>
     <span class='ocr_line' id='line_1_45' title="bbox 249 4256 2196 4345; baseline -0.002 -22"><span class='ocrx_word' id='word_1_611' title='bbox 249 4272 377 4339; x_wconf 78' lang='lat' dir='ltr'><strong>Christo]</strong></span> <span class='ocrx_word' id='word_1_612' title='bbox 395 4274 476 4321; x_wconf 84' lang='lat' dir='ltr'><strong>Editt.</strong></span> <span class='ocrx_word' id='word_1_613' title='bbox 496 4272 587 4323; x_wconf 74' lang='lat' dir='ltr'><strong>a-t.:</strong></span> <span class='ocrx_word' id='word_1_614' title='bbox 609 4282 671 4322; x_wconf 83' lang='lat' dir='ltr'><strong>sunt</strong></span> <span class='ocrx_word' id='word_1_615' title='bbox 692 4273 810 4322; x_wconf 75' lang='lat' dir='ltr'><strong>iustitiae</strong></span> <span class='ocrx_word' id='word_1_616' title='bbox 832 4273 914 4335; x_wconf 71' lang='lat' dir='ltr'><strong>legis,</strong></span> <span class='ocrx_word' id='word_1_617' title='bbox 942 4287 1008 4336; x_wconf 85' lang='lat' dir='ltr'><strong>quae</strong></span> <span class='ocrx_word' id='word_1_618' title='bbox 1032 4283 1093 4323; x_wconf 81' lang='lat' dir='ltr'><strong>eunt</strong></span> <span class='ocrx_word' id='word_1_619' title='bbox 1115 4288 1158 4322; x_wconf 86' lang='lat' dir='ltr'><strong>ac·</strong></span> <span class='ocrx_word' id='word_1_620' title='bbox 1209 4257 1279 4324; x_wconf 89' lang='lat' dir='ltr'><strong>late</strong></span> <span class='ocrx_word' id='word_1_621' title='bbox 1299 4278 1440 4338; x_wconf 74' lang='lat' dir='ltr'><strong>mecum,</strong></span> <span class='ocrx_word' id='word_1_622' title='bbox 1462 4260 1496 4323; x_wconf 74' lang='lat' dir='ltr'><strong>Sl</strong></span> <span class='ocrx_word' id='word_1_623' title='bbox 1515 4256 1639 4323; x_wconf 67' lang='lat' dir='ltr'><strong>fuerllll</strong></span> <span class='ocrx_word' id='word_1_624' title='bbox 1652 4269 1793 4345; x_wconf 73' lang='lat' dir='ltr'><strong>peccata</strong></span> <span class='ocrx_word' id='word_1_625' title='bbox 1809 4271 1936 4340; x_wconf 64' lang='lat' dir='ltr'><strong>Vestra,</strong></span> <span class='ocrx_word' id='word_1_626' title='bbox 1952 4256 2196 4333; x_wconf 70' lang='lat' dir='ltr'><strong>vlcooemum,</strong></span> 
     </span>
     <span class='ocr_line' id='line_1_46' title="bbox 248 4341 2196 4432; baseline 0 -24"><span class='ocrx_word' id='word_1_627' title='bbox 248 4351 341 4408; x_wconf 81' lang='lat' dir='ltr'><strong>ceptae</strong></span> <span class='ocrx_word' id='word_1_628' title='bbox 359 4349 463 4407; x_wconf 74' lang='lat' dir='ltr'><strong>propter</strong></span> <span class='ocrx_word' id='word_1_629' title='bbox 479 4341 574 4403; x_wconf 78' lang='lat' dir='ltr'><strong>auem,</strong></span> <span class='ocrx_word' id='word_1_630' title='bbox 595 4356 646 4390; x_wconf 72' lang='lat'><strong>11²⁰</strong></span> <span class='ocrx_word' id='word_1_631' title='bbox 669 4350 729 4390; x_wconf 71' lang='lat' dir='ltr'><strong>nunt</strong></span> <span class='ocrx_word' id='word_1_632' title='bbox 752 4348 890 4404; x_wconf 78' lang='lat' dir='ltr'><strong>acceptae,</strong></span> <span class='ocrx_word' id='word_1_633' title='bbox 914 4343 976 4405; x_wconf 73' lang='lat' dir='ltr'><strong>quia</strong></span> <span class='ocrx_word' id='word_1_634' title='bbox 996 4342 1158 4394; x_wconf 66' lang='lat' dir='ltr'><strong>remeant</strong></span> <span class='ocrx_word' id='word_1_635' title='bbox 1209 4344 1307 4432; x_wconf 88' lang='lat' dir='ltr'><strong>quasi</strong></span> <span class='ocrx_word' id='word_1_636' title='bbox 1326 4346 1384 4411; x_wconf 88' lang='lat' dir='ltr'><strong>nix</strong></span> <span class='ocrx_word' id='word_1_637' title='bbox 1406 4343 1660 4412; x_wconf 90' lang='lat' dir='ltr'><strong>dealbabuntur.</strong></span> <span class='ocrx_word' id='word_1_638' title='bbox 1704 4346 1764 4411; x_wconf 82' lang='lat' dir='ltr'><strong>Sic</strong></span> <span class='ocrx_word' id='word_1_639' title='bbox 1784 4356 1819 4412; x_wconf 85' lang='lat' dir='ltr'><strong>et</strong></span> <span class='ocrx_word' id='word_1_640' title='bbox 1839 4344 1993 4411; x_wconf 81' lang='lat' dir='ltr'><strong>hortatur</strong></span> <span class='ocrx_word' id='word_1_641' title='bbox 2013 4344 2058 4409; x_wconf 88' lang='lat' dir='ltr'><strong>ad</strong></span> <span class='ocrx_word' id='word_1_642' title='bbox 2079 4343 2196 4428; x_wconf 88' lang='lat' dir='ltr'><strong>poeni·</strong></span> 
     </span>
    </p>
   </div>
   <div class='ocr_carea' id='block_1_3' title="bbox 247 4409 2196 4545">
    <p class='ocr_par' dir='ltr' id='par_1_3' title="bbox 247 4409 2196 4545">
     <span class='ocr_line' id='line_1_47' title="bbox 247 4409 2196 4545; baseline -0.002 -49"><span class='ocrx_word' id='word_1_643' title='bbox 247 4409 1157 4545; x_wconf 46' lang='grc' dir='ltr'><strong>ὲξξῑμθξᾛξῐΐῗῑξζάᾞξζὲῐξξᾟᾎξζ,θζῃξέζξὲεζρῗοᾟόρζῇζ</strong></span> <span class='ocrx_word' id='word_1_644' title='bbox 1209 4432 1346 4497; x_wconf 87' lang='lat' dir='ltr'><strong>tentiam</strong></span> <span class='ocrx_word' id='word_1_645' title='bbox 1369 4430 1549 4515; x_wconf 85' lang='lat' dir='ltr'><strong>Propheta,</strong></span> <span class='ocrx_word' id='word_1_646' title='bbox 1570 4443 1606 4496; x_wconf 92' lang='lat' dir='ltr'><strong>et</strong></span> <span class='ocrx_word' id='word_1_647' title='bbox 1625 4432 1718 4499; x_wconf 91' lang='lat' dir='ltr'><strong>addit</strong></span> <span class='ocrx_word' id='word_1_648' title='bbox 1735 4432 2001 4518; x_wconf 90' lang='lat' dir='ltr'><strong>promissionem.</strong></span> <span class='ocrx_word' id='word_1_649' title='bbox 2047 4428 2090 4493; x_wconf 88' lang='lat' dir='ltr'><strong>Et</strong></span> <span class='ocrx_word' id='word_1_650' title='bbox 2113 4424 2196 4493; x_wconf 86' lang='lat' dir='ltr'><strong>stul·</strong></span> 
     </span>
    </p>
   </div>
   <div class='ocr_carea' id='block_1_4' title="bbox 249 4515 2196 4691">
    <p class='ocr_par' dir='ltr' id='par_1_4' title="bbox 249 4515 2196 4691">
     <span class='ocr_line' id='line_1_48' title="bbox 249 4515 2196 4617; baseline 0.003 -22"><span class='ocrx_word' id='word_1_651' title='bbox 249 4551 322 4613; x_wconf 85' lang='lat' dir='ltr'><strong>sequi</strong></span> <span class='ocrx_word' id='word_1_652' title='bbox 340 4563 443 4599; x_wconf 86' lang='lat' dir='ltr'><strong>necesse</strong></span> <span class='ocrx_word' id='word_1_653' title='bbox 459 4556 506 4598; x_wconf 87' lang='lat' dir='ltr'><strong>est.</strong></span> <span class='ocrx_word' id='word_1_654' title='bbox 541 4545 653 4596; x_wconf 88' lang='lat' dir='ltr'><strong>Iacobus</strong></span> <span class='ocrx_word' id='word_1_655' title='bbox 676 4548 744 4596; x_wconf 86' lang='lat' dir='ltr'><strong>enirn</strong></span> <span class='ocrx_word' id='word_1_656' title='bbox 768 4548 883 4612; x_wconf 85' lang='lat' dir='ltr'><strong>loquitur</strong></span> <span class='ocrx_word' id='word_1_657' title='bbox 905 4546 937 4596; x_wconf 87' lang='lat' dir='ltr'><strong>de</strong></span> <span class='ocrx_word' id='word_1_658' title='bbox 961 4545 1003 4596; x_wconf 88' lang='lat' dir='ltr'><strong>his</strong></span> <span class='ocrx_word' id='word_1_659' title='bbox 1027 4548 1156 4611; x_wconf 86' lang='lat' dir='ltr'><strong>operibus,</strong></span> <span class='ocrx_word' id='word_1_660' title='bbox 1209 4529 1279 4584; x_wconf 68' lang='lat' dir='ltr'><strong>lum</strong></span> <span class='ocrx_word' id='word_1_661' title='bbox 1299 4515 1398 4585; x_wconf 56' lang='lat' dir='ltr'><strong>fuerit</strong></span> <span class='ocrx_word' id='word_1_662' title='bbox 1417 4518 1452 4581; x_wconf 56' lang='lat'><strong>5¹¹</strong></span> <span class='ocrx_word' id='word_1_663' title='bbox 1473 4516 1532 4582; x_wconf 62' lang='lat' dir='ltr'><strong>tall</strong></span> <span class='ocrx_word' id='word_1_664' title='bbox 1554 4521 1726 4585; x_wconf 55' lang='lat' dir='ltr'><strong>semema</strong></span> <span class='ocrx_word' id='word_1_665' title='bbox 1742 4528 1869 4586; x_wconf 61' lang='lat' dir='ltr'><strong>mmm</strong></span> <span class='ocrx_word' id='word_1_666' title='bbox 1885 4518 1972 4584; x_wconf 60' lang='lat' dir='ltr'><strong>hm</strong></span> <span class='ocrx_word' id='word_1_667' title='bbox 1988 4534 2094 4600; x_wconf 54' lang='grc' dir='ltr'><strong>(ΨΜ</strong></span> <span class='ocrx_word' id='word_1_668' title='bbox 2114 4534 2196 4617; x_wconf 54' lang='grc' dir='ltr'><strong>(ξω</strong></span> 
     </span>
     <span class='ocr_line' id='line_1_49' title="bbox 249 4596 2195 4691; baseline 0.001 -26"><span class='ocrx_word' id='word_1_669' title='bbox 249 4631 315 4680; x_wconf 88' lang='lat' dir='ltr'><strong>quae</strong></span> <span class='ocrx_word' id='word_1_670' title='bbox 332 4617 411 4666; x_wconf 84' lang='lat' dir='ltr'><strong>fldem</strong></span> <span class='ocrx_word' id='word_1_671' title='bbox 428 4624 578 4682; x_wconf 82' lang='lat' dir='ltr'><strong>sequuntur,</strong></span> <span class='ocrx_word' id='word_1_672' title='bbox 598 4617 666 4664; x_wconf 89' lang='lat' dir='ltr'><strong>sicut</strong></span> <span class='ocrx_word' id='word_1_673' title='bbox 682 4622 792 4664; x_wconf 82' lang='lat' dir='ltr'><strong>testatur</strong></span> <span class='ocrx_word' id='word_1_674' title='bbox 809 4630 867 4665; x_wconf 87' lang='lat' dir='ltr'><strong>oum</strong></span> <span class='ocrx_word' id='word_1_675' title='bbox 885 4615 936 4678; x_wconf 83' lang='lat' dir='ltr'><strong>eit,</strong></span> <span class='ocrx_word' id='word_1_676' title='bbox 954 4614 1032 4665; x_wconf 76' lang='lat' dir='ltr'><strong>Fides</strong></span> <span class='ocrx_word' id='word_1_677' title='bbox 1049 4616 1156 4667; x_wconf 79' lang='lat' dir='ltr'><strong>adiaun</strong></span> <span class='ocrx_word' id='word_1_678' title='bbox 1207 4605 1376 4683; x_wconf 65' lang='lat' dir='ltr'><strong>siderare,</strong></span> <span class='ocrx_word' id='word_1_679' title='bbox 1407 4605 1588 4691; x_wconf 55' lang='lat' dir='ltr'><strong>subuenire</strong></span> <span class='ocrx_word' id='word_1_680' title='bbox 1633 4624 1820 4689; x_wconf 78' lang='lat' dir='ltr'><strong>oppresso,</strong></span> <span class='ocrx_word' id='word_1_681' title='bbox 1864 4604 2014 4669; x_wconf 72' lang='lat' dir='ltr'><strong>ludlettrfl</strong></span> <span class='ocrx_word' id='word_1_682' title='bbox 2052 4596 2195 4685; x_wconf 73' lang='lat' dir='ltr'><strong>pupilli),</strong></span> 
     </span>
    </p>
   </div>
   <div class='ocr_carea' id='block_1_5' title="bbox 249 4683 2195 4776">
    <p class='ocr_par' dir='ltr' id='par_1_5' title="bbox 249 4683 2195 4776">
     <span class='ocr_line' id='line_1_50' title="bbox 249 4683 2195 4776; baseline -0.001 -41"><span class='ocrx_word' id='word_1_683' title='bbox 249 4698 331 4749; x_wconf 77' lang='lat' dir='ltr'><strong>opere</strong></span> <span class='ocrx_word' id='word_1_684' title='bbox 353 4686 416 4736; x_wconf 89' lang='lat' dir='ltr'><strong>eius.</strong></span> <span class='ocrx_word' id='word_1_685' title='bbox 451 4686 495 4736; x_wconf 85' lang='lat' dir='ltr'><strong>Sic</strong></span> <span class='ocrx_word' id='word_1_686' title='bbox 518 4683 699 4749; x_wconf 82' lang='lat' dir='ltr'><strong>accipiendum</strong></span> <span class='ocrx_word' id='word_1_687' title='bbox 721 4692 776 4744; x_wconf 82' lang='lat' dir='ltr'><strong>est,</strong></span> <span class='ocrx_word' id='word_1_688' title='bbox 797 4683 921 4735; x_wconf 66' lang='lat' dir='ltr'><strong>hectorea</strong></span> <span class='ocrx_word' id='word_1_689' title='bbox 942 4684 1009 4750; x_wconf 78' lang='lat' dir='ltr'><strong>legis</strong></span> <span class='ocrx_word' id='word_1_690' title='bbox 1033 4684 1158 4735; x_wconf 82' lang='lat' dir='ltr'><strong>iustiliae·</strong></span> <span class='ocrx_word' id='word_1_691' title='bbox 1207 4688 1301 4754; x_wconf 66' lang='lat' dir='ltr'><strong>[nitio</strong></span> <span class='ocrx_word' id='word_1_692' title='bbox 1330 4691 1417 4756; x_wconf 48' lang='lat' dir='ltr'>enim</span> <span class='ocrx_word' id='word_1_693' title='bbox 1444 4691 1504 4769; x_wconf 62' lang='lat' dir='ltr'><strong>ait,</strong></span> <span class='ocrx_word' id='word_1_694' title='bbox 1531 4691 1671 4755; x_wconf 60' lang='lat' dir='ltr'><strong>desinite</strong></span> <span class='ocrx_word' id='word_1_695' title='bbox 1696 4710 1801 4776; x_wconf 60' lang='lat' dir='ltr'><strong>agere</strong></span> <span class='ocrx_word' id='word_1_696' title='bbox 1821 4708 1999 4775; x_wconf 57' lang='lat' dir='ltr'><strong>pemmo,</strong></span> <span class='ocrx_word' id='word_1_697' title='bbox 2019 4688 2079 4752; x_wconf 70' lang='lat' dir='ltr'><strong>vbi</strong></span> <span class='ocrx_word' id='word_1_698' title='bbox 2101 4697 2195 4751; x_wconf 61' lang='lat' dir='ltr'><strong>taxat</strong></span> 
     </span>
    </p>
   </div>
   <div class='ocr_carea' id='block_1_6' title="bbox 249 4753 2194 4889">
    <p class='ocr_par' dir='ltr' id='par_1_6' title="bbox 249 4753 2194 4889">
     <span class='ocr_line' id='line_1_51' title="bbox 249 4753 2194 4889; baseline -0.004 -17"><span class='ocrx_word' id='word_1_699' title='bbox 249 4753 565 4887; x_wconf 60' lang='lat' dir='ltr'><strong>{straturus</strong></span> <span class='ocrx_word' id='word_1_700' title='bbox 583 4754 739 4883; x_wconf 67' lang='lat' dir='ltr'><strong>fetent</strong></span> <span class='ocrx_word' id='word_1_701' title='bbox 754 4753 1080 4887; x_wconf 50' lang='lat' dir='ltr'><strong>bethsettha</strong></span> <span class='ocrx_word' id='word_1_702' title='bbox 1097 4762 1158 4889; x_wconf 63' lang='lat' dir='ltr'><strong>ut</strong></span> <span class='ocrx_word' id='word_1_703' title='bbox 1207 4776 1409 4862; x_wconf 66' lang='lat' dir='ltr'><strong>aretatem</strong></span> <span class='ocrx_word' id='word_1_704' title='bbox 1442 4775 1571 4853; x_wconf 64' lang='lat' dir='ltr'><strong>aas.</strong></span> <span class='ocrx_word' id='word_1_705' title='bbox 1603 4787 1637 4841; x_wconf 57' lang='grc' dir='ltr'><strong>ει</strong></span> <span class='ocrx_word' id='word_1_706' title='bbox 1668 4777 1807 4862; x_wconf 61' lang='lat' dir='ltr'><strong>...a</strong></span> <span class='ocrx_word' id='word_1_707' title='bbox 1839 4774 1954 4853; x_wconf 65' lang='lat' dir='ltr'><strong>aaa,</strong></span> <span class='ocrx_word' id='word_1_708' title='bbox 1993 4772 2068 4841; x_wconf 68' lang='lat' dir='ltr'><strong>a..</strong></span> <span class='ocrx_word' id='word_1_709' title='bbox 2112 4774 2194 4838; x_wconf 59' lang='lat' dir='ltr'><strong>a...</strong></span> 
     </span>
    </p>
   </div>
   <div class='ocr_carea' id='block_1_7' title="bbox 132 4860 2195 5376">
    <p class='ocr_par' dir='ltr' id='par_1_7' title="bbox 132 4860 2195 5096">
     <span class='ocr_line' id='line_1_52' title="bbox 248 4860 2192 4966; baseline -0.002 -25"><span class='ocrx_word' id='word_1_710' title='bbox 248 4900 305 4957; x_wconf 81' lang='lat' dir='ltr'><strong>pter</strong></span> <span class='ocrx_word' id='word_1_711' title='bbox 320 4891 413 4953; x_wconf 83' lang='lat' dir='ltr'><strong>fidem,</strong></span> <span class='ocrx_word' id='word_1_712' title='bbox 431 4908 484 4942; x_wconf 88' lang='lat' dir='ltr'><strong>nou</strong></span> <span class='ocrx_word' id='word_1_713' title='bbox 502 4893 572 4956; x_wconf 90' lang='lat' dir='ltr'><strong>quod</strong></span> <span class='ocrx_word' id='word_1_714' title='bbox 597 4905 677 4957; x_wconf 87' lang='lat' dir='ltr'><strong>opere</strong></span> <span class='ocrx_word' id='word_1_715' title='bbox 694 4893 748 4956; x_wconf 79' lang='lat' dir='ltr'><strong>legi</strong></span> <span class='ocrx_word' id='word_1_716' title='bbox 770 4891 940 4942; x_wconf 81' lang='lat' dir='ltr'><strong>satisfacient.</strong></span> <span class='ocrx_word' id='word_1_717' title='bbox 975 4892 1018 4941; x_wconf 84' lang='lat' dir='ltr'><strong>Ita</strong></span> <span class='ocrx_word' id='word_1_718' title='bbox 1039 4894 1157 4943; x_wconf 75' lang='lat' dir='ltr'><strong>uidemus</strong></span> <span class='ocrx_word' id='word_1_719' title='bbox 1208 4860 1384 4966; x_wconf 44' lang='lat' dir='ltr'><strong>,Pfflf&#39;hetfls</strong></span> <span class='ocrx_word' id='word_1_720' title='bbox 1406 4864 1495 4946; x_wconf 66' lang='lat' dir='ltr'><strong>(iuml</strong></span> <span class='ocrx_word' id='word_1_721' title='bbox 1517 4882 1577 4945; x_wconf 84' lang='lat' dir='ltr'><strong>per</strong></span> <span class='ocrx_word' id='word_1_722' title='bbox 1599 4881 1703 4965; x_wconf 67' lang='lat' dir='ltr'><strong>⁰Pf³m</strong></span> <span class='ocrx_word' id='word_1_723' title='bbox 1725 4860 1794 4966; x_wconf 62' lang='lat' dir='ltr'><strong>infla</strong></span> <span class='ocrx_word' id='word_1_724' title='bbox 1816 4862 1996 4928; x_wconf 55' lang='lat' dir='ltr'>subuenire</span> <span class='ocrx_word' id='word_1_725' title='bbox 2009 4878 2192 4949; x_wconf 64' lang='lat' dir='ltr'><strong>⁰PP¹⁸⁸⁸⁵⁰²</strong></span> 
     </span>
     <span class='ocr_line' id='line_1_53' title="bbox 248 4944 2195 5035; baseline 0.002 -26"><span class='ocrx_word' id='word_1_726' title='bbox 248 4960 276 5009; x_wconf 93' lang='lat' dir='ltr'><strong>ln</strong></span> <span class='ocrx_word' id='word_1_727' title='bbox 291 4959 333 5011; x_wconf 80' lang='lat' dir='ltr'><strong>bis</strong></span> <span class='ocrx_word' id='word_1_728' title='bbox 351 4962 489 5028; x_wconf 75' lang='lat' dir='ltr'><strong>sentencijs</strong></span> <span class='ocrx_word' id='word_1_729' title='bbox 512 4961 577 5011; x_wconf 88' lang='lat' dir='ltr'><strong>nihil</strong></span> <span class='ocrx_word' id='word_1_730' title='bbox 599 4976 656 5011; x_wconf 83' lang='lat' dir='ltr'><strong>csse</strong></span> <span class='ocrx_word' id='word_1_731' title='bbox 679 4962 756 5025; x_wconf 84' lang='lat' dir='ltr'><strong>uicij,</strong></span> <span class='ocrx_word' id='word_1_732' title='bbox 779 4962 826 5011; x_wconf 80' lang='lat' dir='ltr'><strong>red</strong></span> <span class='ocrx_word' id='word_1_733' title='bbox 847 4962 989 5027; x_wconf 76' lang='lat' dir='ltr'><strong>aduenarij</strong></span> <span class='ocrx_word' id='word_1_734' title='bbox 1014 4963 1159 5028; x_wconf 79' lang='lat' dir='ltr'><strong>deprenent</strong></span> <span class='ocrx_word' id='word_1_735' title='bbox 1208 4946 1354 5013; x_wconf 77' lang='lat' dir='ltr'><strong>lutllcare</strong></span> <span class='ocrx_word' id='word_1_736' title='bbox 1374 4944 1513 5034; x_wconf 75' lang='lat' dir='ltr'><strong>pupillo,</strong></span> <span class='ocrx_word' id='word_1_737' title='bbox 1536 4968 1655 5015; x_wconf 78' lang='lat' dir='ltr'><strong>mereri</strong></span> <span class='ocrx_word' id='word_1_738' title='bbox 1675 4959 1808 5035; x_wconf 73' lang='lat' dir='ltr'><strong>possint</strong></span> <span class='ocrx_word' id='word_1_739' title='bbox 1824 4949 2057 5018; x_wconf 66' lang='lat' dir='ltr'><strong>remlflslonflm</strong></span> <span class='ocrx_word' id='word_1_740' title='bbox 2073 4966 2195 5033; x_wconf 69' lang='lat' dir='ltr'><strong>peom-</strong></span> 
     </span>
     <span class='ocr_line' id='line_1_54' title="bbox 132 5030 1455 5096; baseline 0.003 -18"><span class='ocrx_word' id='word_1_741' title='bbox 132 5033 137 5041; x_wconf 87' lang='grc'><strong>’</strong></span> <span class='ocrx_word' id='word_1_742' title='bbox 249 5042 309 5090; x_wconf 78' lang='lat' dir='ltr'><strong>aas,</strong></span> <span class='ocrx_word' id='word_1_743' title='bbox 334 5030 380 5092; x_wconf 88' lang='lat' dir='ltr'><strong>qul</strong></span> <span class='ocrx_word' id='word_1_744' title='bbox 403 5030 437 5079; x_wconf 87' lang='lat' dir='ltr'><strong>de</strong></span> <span class='ocrx_word' id='word_1_745' title='bbox 460 5044 507 5079; x_wconf 85' lang='lat' dir='ltr'><strong>suo</strong></span> <span class='ocrx_word' id='word_1_746' title='bbox 531 5031 657 5092; x_wconf 80' lang='lat' dir='ltr'><strong>affingunt</strong></span> <span class='ocrx_word' id='word_1_747' title='bbox 682 5031 775 5094; x_wconf 85' lang='lat' dir='ltr'><strong>impias</strong></span> <span class='ocrx_word' id='word_1_748' title='bbox 799 5031 943 5094; x_wconf 78' lang='lat' dir='ltr'><strong>opiniones.</strong></span> <span class='ocrx_word' id='word_1_749' title='bbox 979 5031 1072 5096; x_wconf 83' lang='lat' dir='ltr'><strong>Neque</strong></span> <span class='ocrx_word' id='word_1_750' title='bbox 1090 5033 1158 5081; x_wconf 87' lang='lat' dir='ltr'><strong>euim</strong></span> <span class='ocrx_word' id='word_1_751' title='bbox 1450 5072 1455 5089; x_wconf 89' lang='lat'><strong>,</strong></span> 
     </span>
    </p>

    <p class='ocr_par' dir='ltr' id='par_1_8' title="bbox 248 5097 1415 5164">
     <span class='ocr_line' id='line_1_55' title="bbox 248 5097 1415 5164; baseline 0.002 -17"><span class='ocrx_word' id='word_1_752' title='bbox 248 5097 340 5147; x_wconf 85' lang='lat' dir='ltr'><strong>dieunt</strong></span> <span class='ocrx_word' id='word_1_753' title='bbox 358 5112 438 5162; x_wconf 72' lang='lat' dir='ltr'><strong>opere</strong></span> <span class='ocrx_word' id='word_1_754' title='bbox 453 5099 547 5147; x_wconf 85' lang='lat' dir='ltr'><strong>mereri</strong></span> <span class='ocrx_word' id='word_1_755' title='bbox 564 5099 740 5146; x_wconf 75' lang='lat' dir='ltr'><strong>remissionem</strong></span> <span class='ocrx_word' id='word_1_756' title='bbox 758 5107 938 5162; x_wconf 83' lang='lat' dir='ltr'><strong>peccatorum,</strong></span> <span class='ocrx_word' id='word_1_757' title='bbox 956 5099 1076 5149; x_wconf 84' lang='lat' dir='ltr'><strong>homines</strong></span> <span class='ocrx_word' id='word_1_758' title='bbox 1098 5114 1158 5164; x_wconf 90' lang='lat' dir='ltr'><strong>pro-</strong></span> <span class='ocrx_word' id='word_1_759' title='bbox 1182 5118 1188 5133; x_wconf 71' lang='grc'>’</span> <span class='ocrx_word' id='word_1_760' title='bbox 1207 5118 1415 5138; x_wconf 79' lang='grc'><strong>----</strong></span> 
     </span>
    </p>

    <p class='ocr_par' dir='ltr' id='par_1_9' title="bbox 248 5168 1159 5235">
     <span class='ocr_line' id='line_1_56' title="bbox 248 5168 1159 5235; baseline 0.004 -21"><span class='ocrx_word' id='word_1_761' title='bbox 248 5172 306 5232; x_wconf 85' lang='lat' dir='ltr'><strong>pter</strong></span> <span class='ocrx_word' id='word_1_762' title='bbox 322 5180 403 5230; x_wconf 77' lang='lat' dir='ltr'><strong>opera</strong></span> <span class='ocrx_word' id='word_1_763' title='bbox 425 5173 545 5229; x_wconf 73' lang='lat' dir='ltr'><strong>acceptos</strong></span> <span class='ocrx_word' id='word_1_764' title='bbox 564 5178 634 5227; x_wconf 83' lang='lat' dir='ltr'><strong>esso,</strong></span> <span class='ocrx_word' id='word_1_765' title='bbox 657 5179 703 5213; x_wconf 88' lang='lat' dir='ltr'><strong>seu</strong></span> <span class='ocrx_word' id='word_1_766' title='bbox 727 5168 808 5216; x_wconf 85' lang='lat' dir='ltr'><strong>iustos</strong></span> <span class='ocrx_word' id='word_1_767' title='bbox 827 5168 953 5232; x_wconf 81' lang='lat' dir='ltr'><strong>reputari,</strong></span> <span class='ocrx_word' id='word_1_768' title='bbox 975 5182 1029 5218; x_wconf 88' lang='lat' dir='ltr'><strong>non</strong></span> <span class='ocrx_word' id='word_1_769' title='bbox 1052 5175 1159 5235; x_wconf 78' lang='lat' dir='ltr'><strong>propter</strong></span> 
     </span>
    </p>

    <p class='ocr_par' dir='ltr' id='par_1_10' title="bbox 246 5232 2192 5376">
     <span class='ocr_line' id='line_1_57' title="bbox 247 5232 2192 5310; baseline 0.004 -27"><span class='ocrx_word' id='word_1_770' title='bbox 247 5232 393 5296; x_wconf 84' lang='lat' dir='ltr'><strong>christum,</strong></span> <span class='ocrx_word' id='word_1_771' title='bbox 411 5248 491 5299; x_wconf 87' lang='lat' dir='ltr'><strong>opere</strong></span> <span class='ocrx_word' id='word_1_772' title='bbox 507 5247 602 5299; x_wconf 84' lang='lat' dir='ltr'><strong>pacare</strong></span> <span class='ocrx_word' id='word_1_773' title='bbox 624 5234 704 5285; x_wconf 79' lang='lat' dir='ltr'><strong>corde</strong></span> <span class='ocrx_word' id='word_1_774' title='bbox 726 5242 752 5283; x_wconf 88' lang='lat' dir='ltr'><strong>et</strong></span> <span class='ocrx_word' id='word_1_775' title='bbox 774 5237 878 5286; x_wconf 85' lang='lat' dir='ltr'><strong>uincere</strong></span> <span class='ocrx_word' id='word_1_776' title='bbox 901 5240 966 5288; x_wconf 78' lang='lat' dir='ltr'><strong>irem</strong></span> <span class='ocrx_word' id='word_1_777' title='bbox 988 5237 1054 5299; x_wconf 87' lang='lat' dir='ltr'><strong>Dei,</strong></span> <span class='ocrx_word' id='word_1_778' title='bbox 1078 5251 1160 5303; x_wconf 81' lang='lat' dir='ltr'><strong>opere</strong></span> <span class='ocrx_word' id='word_1_779' title='bbox 1208 5240 1256 5305; x_wconf 86' lang='lat' dir='ltr'><strong>b&#39;t)</strong></span> <span class='ocrx_word' id='word_1_780' title='bbox 1274 5241 1440 5305; x_wconf 77' lang='lat' dir='ltr'><strong>impudenter</strong></span> <span class='ocrx_word' id='word_1_781' title='bbox 1457 5239 1649 5290; x_wconf 74' lang='lat' dir='ltr'><strong>ratiocinantur</strong></span> <span class='ocrx_word' id='word_1_782' title='bbox 1665 5239 1810 5309; x_wconf 71' lang='lat' dir='ltr'><strong>aduersarii</strong></span> <span class='ocrx_word' id='word_1_783' title='bbox 1828 5255 1862 5291; x_wconf 85' lang='lat' dir='ltr'><strong>ex</strong></span> <span class='ocrx_word' id='word_1_784' title='bbox 1877 5238 1968 5293; x_wconf 85' lang='lat' dir='ltr'><strong>laoobi</strong></span> <span class='ocrx_word' id='word_1_785' title='bbox 1985 5239 2098 5310; x_wconf 61' lang='grc' dir='ltr'><strong>πεδία]</strong></span> <span class='ocrx_word' id='word_1_786' title='bbox 2106 5238 2192 5294; x_wconf 78' lang='lat' dir='ltr'><strong>nne.</strong></span> 
     </span>
     <span class='ocr_line' id='line_1_58' title="bbox 246 5302 1897 5376; baseline 0.006 -22"><span class='ocrx_word' id='word_1_787' title='bbox 246 5315 301 5354; x_wconf 88' lang='lat' dir='ltr'><strong>non</strong></span> <span class='ocrx_word' id='word_1_788' title='bbox 316 5304 437 5373; x_wconf 70' lang='lat' dir='ltr'><strong>indigere</strong></span> <span class='ocrx_word' id='word_1_789' title='bbox 453 5302 639 5356; x_wconf 76' lang='lat' dir='ltr'><strong>miserieordle.</strong></span> <span class='ocrx_word' id='word_1_790' title='bbox 1278 5310 1369 5360; x_wconf 70' lang='lat' dir='ltr'><strong>t-ta</strong></span> <span class='ocrx_word' id='word_1_791' title='bbox 1385 5309 1530 5374; x_wconf 74' lang='lat' dir='ltr'><strong>edumarij</strong></span> <span class='ocrx_word' id='word_1_792' title='bbox 1549 5309 1635 5359; x_wconf 75' lang='lat' dir='ltr'><strong>uerbis</strong></span> <span class='ocrx_word' id='word_1_793' title='bbox 1652 5309 1744 5361; x_wconf 72' lang='lat' dir='ltr'><strong>lucebi</strong></span> <span class='ocrx_word' id='word_1_794' title='bbox 1760 5310 1897 5376; x_wconf 70' lang='lat' dir='ltr'><strong>effingunt.</strong></span> 
     </span>
    </p>
   </div>
   <div class='ocr_carea' id='block_1_8' title="bbox 0 0 2383 6194">
    <p class='ocr_par' dir='ltr' id='par_1_11' title="bbox 0 0 2383 6194">
     <span class='ocr_line' id='line_1_59' title="bbox 0 0 2383 6194; baseline 0 0"><span class='ocrx_word' id='word_1_795' title='bbox 0 0 2383 6194; x_wconf 95' lang='lat' dir='ltr'><strong> </strong></span> 
     </span>
    </p>
   </div>
  </div>
 </body>
</html>
