4786 6210
184 379 252 447 5⁷5
541 438 543 443 .
631 376 746 447 emb.
766 375 873 446 m.
890 374 1080 446 settim
1100 372 1450 443 boemanicum·
1470 372 1742 447 eustachius.
2133 375 2205 444 578

184 566 271 634 neit
298 566 418 633 Nonne
428 567 553 651 vbiqae
572 565 606 631 in
619 563 795 649 Prophetis
819 563 972 651 prohibct
992 567 1165 631 instituere
1215 583 1291 643 uos,
1324 564 1432 650 ipsam
1453 560 1594 630 sormam
1627 576 1660 632 et
1691 570 1846 630 scutatos
1878 564 1974 650 regni
2000 565 2202 634 antichristi

186 653 374 740 peculiares
386 650 509 732 cuitus,
531 652 603 717 sine
620 648 875 718 suomandatoi
907 649 1096 716 Ezechielis
1107 673 1163 716 xx.
1216 647 1300 717 sore.
1345 652 1403 717 Sic
1432 651 1518 716 enim
1540 652 1662 737 inquit,
1684 649 1792 716 Deum
1812 649 1952 717 hlaosim
1974 652 2008 717 in
2030 649 2111 718 loco
2134 673 2201 720 suo

186 741 346 824 scriptum
368 750 440 817 est,
461 738 497 801 ln
520 737 708 822 praeceptis
730 736 865 803 Petrum
892 750 1082 802 vestrorum
1103 758 1163 801 no·
1216 735 1325 815 colet,
1358 748 1391 801 et
1418 735 1526 801 Deum
1554 757 1653 822 quem
1685 757 1752 802 non
1780 748 1946 803 nonerunt
1968 736 2085 804 l’atres
2114 741 2201 820 eius,

183 821 245 890 lite
266 825 431 901 incedere,
454 842 516 888 nec
538 823 659 889 iudicia
679 841 792 888 corum
812 822 1023 900 custodiatis,
1045 843 1109 888 nec
1130 826 1163 889 in
1216 818 1304 888 colet
1326 842 1408 887 auro
1427 835 1462 888 et
1482 835 1641 909 argento,
1670 833 1704 888 et
1726 821 1892 907 lapidibus
1914 825 2091 908 preciosis.
2137 826 2202 891 llic

187 910 289 977 idolis
316 929 430 975 eorum
458 905 658 994 polluamini.
701 907 775 974 Eo
806 908 969 974 Dominus
992 907 1087 974 Deus
1111 930 1164 973 ve·
1215 909 1374 972 describit
1405 927 1515 973 nouos
1547 906 1682 987 cultus,
1714 910 1792 993 quia
1824 910 1930 996 inquit
1962 907 2063 975 talem
2087 908 2199 978 Deum

187 1008 267 1062 ster.
311 995 348 1061 ln
369 996 559 1080 praeceptis
580 994 662 1059 meis
684 929 870 1073 amhulate,
893 1004 927 1059 et
947 995 1067 1060 iudicia
1090 1015 1164 1059 mea
1216 993 1294 1072 coli,
1317 990 1451 1078 qualem
1474 992 1591 1059 Patres
1613 995 1854 1082 ignorauerint.
1898 994 1983 1060 Nam
2006 997 2044 1063 S.
2057 1000 2113 1076 8θ’)
2135 997 2199 1062 l'a·

188 1082 353 1149 custodite
374 1091 408 1146 at
429 1076 530 1145 facite
552 1099 571 1146 e
636 1081 673 1146 Si
694 1077 774 1146 licet
786 1080 975 1146 hominibus
991 1082 1164 1146 instituere
1215 1089 1297 1157 tres,
1320 1091 1354 1143 et
1376 1079 1404 1143 si
1418 1078 1605 1145 habuerunt
1627 1094 1659 1145 et
1681 1082 1744 1165 ipsi
1756 1082 1838 1146 ritus
1861 1092 1893 1147 et
1915 1083 2124 1163 traditiones,
2149 1095 2198 1149 ta·

186 1167 317 1247 cuitus,
351 1179 383 1232 et
404 1185 464 1251 per
491 1165 599 1231 hosc
650 1186 689 1231 us
717 1178 886 1231 merentur
907 1166 1066 1253 gratiam,
1097 1167 1163 1231 iam
1215 1184 1380 1230 mennon
1403 1166 1593 1230 sentiebant
1619 1165 1762 1231 hasrcs
1785 1163 1885 1232 utiles
1907 1170 2199 1235 autnecassariaa

188 1254 331 1360 pmnium
355 1252 502 1402 gapntiupn
524 1249 762 1400 caltns3prunt
783 1254 1018 1402 tapplrobandi,
1052 1250 1163 1402 cpltus
1216 1269 1293 1355 esse
1321 1252 1365 1401 ad
1392 1249 1690 1403 iufsfitpiicatippppmz
1706 1253 2027 1404 norpdopsptpp'abatnt
2040 1253 2199 1406 ⁸⁶)iglo·

186 1351 368 1512 lpllrhthhhtrldil.¹
399 1350 1164 1500 &pdopppmetmtpeppsppspanppipnalippptninpp:
1187 1375 1193 1431 ¹
1215 1356 1309 1487 halah
1331 1356 1557 1508 {deopmuppr
1578 1357 1765 1503 Chrrlissh’nms,
1788 1357 2198 1510 nonoprohnternhlosuhh·

187 1523 281 1577 tuere
312 1508 422 1576 cultus
450 1506 550 1573 vtiles
578 1510 621 1574 ad
650 1511 904 1594 promerendam
931 1511 1073 1596 gratiam
1106 1519 1165 1575 aut
1214 1527 1333 1572 manos
1361 1505 1483 1575 cultus.
1529 1506 1706 1575 Caeterum
1728 1510 1811 1575 ritus
1840 1508 2005 1576 humanos
2037 1513 2197 1579 obserua-

186 1597 369 1676 iusticiam,
404 1616 464 1659 cnr
485 1614 552 1660 non
581 1592 674 1661 licuit
693 1596 779 1660 idem
802 1597 959 1682 gentibus
981 1606 1014 1661 et
1035 1592 1163 1660 israeli·
1215 1594 1296 1658 bant
1318 1604 1455 1683 propter
1476 1591 1650 1660 utilitatem
1673 1594 1895 1682 corporalem,
1917 1606 1953 1660 rt
1970 1598 2072 1663 sciret
2093 1620 2196 1684 popu·

186 1681 253 1748 tis‘l
287 1682 365 1747 ideo
389 1680 535 1768 gentium
555 1690 589 1745 et
610 1677 833 1746 israelitarum
857 1679 968 1749 caitus
989 1680 1164 1766 improbati
1214 1676 1269 1743 lus
1291 1700 1358 1783 qno
1380 1692 1530 1765 ternpore
1553 1681 1816 1748 conueniendum
1837 1691 1947 1762 esset,
1968 1695 2006 1748 vt
2022 1683 2144 1750 ordine
2165 1696 2198 1751 et

187 1778 277 1847 aunt,
298 1769 388 1853 quod
410 1766 605 1833 sanciebant
631 1784 710 1831 sese
730 1786 791 1852 per
812 1764 889 1835 illos
911 1767 1030 1833 mereri
1050 1766 1165 1831 remis·
1257 1777 1364 1830 auster
1396 1765 1430 1830 in
1458 1761 1590 1850 templis
1623 1765 1764 1832 examii
1793 1785 1899 1834 causa
1926 1766 2048 1834 herent
2073 1771 2197 1851 omnia,

188 1853 317 1919 sionem
339 1863 554 2003 pepcatprupp
575 1863 609 1918 et
634 1853 880 2004 iustipiamhdet
900 1854 1065 2002 iusticipim
1087 1851 1165 2004 hdedi
1240 1853 1360 2001 ¹eoique
1392 1864 1438 2001 vltq
1455 1851 1512 2002 pp!
1539 1871 1589 2004 ,sse
1602 1853 1705 2004 etiapp
1719 1789 2199 2007 l›pretaberertupluppdtppieppedss

400 1961 520 2001 ‚s
970 1959 1140 2003 ·ruo
1288 1959 1661 2005 tam.atrtmt
1762 1962 1794 2005 m
1989 1962 2010 2006 v
2119 1962 2138 2006 s

187 1957 834 2090 pppupoppnhomhpbupnhpgtppfiapipo
851 1958 1010 2092 :prppdpteo
1033 1957 1097 2088 Delli
1118 2027 1164 2090 iu·
1215 1957 1304 2088 hragra
1332 2019 1421 2088 valet
1449 2024 1492 2088 ad
1519 2025 1763 2095 admonendum
1790 1960 1923 2111 affigas.
1974 2027 2046 2091 Has
2074 2046 2199 2093 causas

187 2110 342 2189 stificent,
365 2108 536 2196 Siquidem
558 2109 600 2174 de
621 2107 795 2176 voluntate
815 2109 880 2177 Dei
901 2107 983 2176 nihil
1004 2106 1163 2175 affirmari
1215 2108 1385 2174 habebant
1396 2108 1517 2176 Patres
1527 2113 1646 2176 rituum
1669 2111 1922 2188 seruandorum,
1948 2113 2048 2188 ⁸⁷)et
2084 2117 2200 2198 ropt'es

119 2240 126 2248 -
186 2205 300 2281 potest
332 2197 406 2261 sine
439 2197 545 2261 verbo
566 2192 640 2260 Dei.
685 2195 773 2269 Quid
805 2199 835 2262 si
862 2196 927 2262 hos
959 2193 1069 2263 cultus
1095 2216 1165 2261 non
1216 2193 1279 2258 has
1309 2214 1430 2262 causas
1458 2216 1522 2261 nos
1551 2215 1685 2283 quoque
1716 2210 1810 2263 recte
1841 2197 1970 2262 seruari
2002 2135 2199 2265 traditiones

186 2284 352 2367 approbat
371 2280 487 2348 Densi
531 2280 706 2354 Quomodo
733 2283 834 2370 igitur
860 2280 1028 2348 affirmant
1048 2281 1164 2346 aduer·
1216 2299 1320 2366 posse
1351 2282 1546 2348 iudicamus.
1589 2282 1632 2347 Et
1664 2279 1763 2348 valde
1794 2284 1951 2349 miramur
1981 2283 2198 2350 aduersdrios

187 2367 394 2516 sarithuod
425 2365 632 2517 iusti‘ficpntf.R
659 2367 740 2473 Sine
758 2372 942 2519 pperbosstpp
974 2368 1165 2516 pestimtoppo
1217 2363 1327 2516 aiitnpa
1338 2365 1436 2518 fitnem
1470 2369 1681 2473 trpditionum
1703 2365 1900 2520 desenplere,
1927 2367 2200 2524 quodtividelicep

222 2472 254 2518 er
299 2471 341 2517 oo
362 2471 430 2517 non
475 2472 548 2517 oes
572 2472 594 2516 a
635 2474 746 2520 rmarr.
931 2473 1028 2520 anus
1045 2473 1078 2518 ar
1216 2472 1286 2515 mer
1328 2473 1405 2518 nur
1434 2473 1666 2520 remissionem
1717 2474 1797 2519 ecca
1812 2475 1908 2521 orum
1978 2475 2015 2520 ra
2041 2476 2113 2529 am,
2140 2478 2185 2524 au

187 2537 295 2602 Omne
335 2538 403 2603 uod
424 2558 493 2603 non
514 2549 630 2603 est-ex
651 2538 730 2616 fide,
751 2551 925 2624 peccatum
946 2557 1037 2604 esse.
1082 2536 1167 2604 Cum
1215 2537 1492 2606 iustificationem.
1537 2539 1625 2613 Quid
1647 2538 1713 2606 hoc
1741 2537 1832 2607 aliud
1859 2552 1930 2620 est,
1956 2560 2057 2626 quam
2085 2539 2198 2612 colere

187 2451 219 2517 Ι)
312 2559 341 2686 Ἃ
451 2474 473 2536 r
797 2461 813 2533 )
1091 2497 1103 2532 ,
1150 2458 1165 2531 )
1694 2477 1716 2541 a
1915 2476 1977 2542 ‚s

88 2630 90 2632 ’
187 2634 297 2689 autem
341 2621 484 2692 icultus
507 2621 633 2690 nullum
658 2621 805 2690 habeant
825 2626 1050 2692 testimonium
1071 2623 1167 2690 verbi
1215 2621 1326 2688 Deum
1347 2644 1448 2703 auro,
1468 2638 1503 2691 et
1524 2639 1678 2712 argento,
1699 2637 1733 2692 et
1754 2631 1856 2694 rebus
1878 2628 2055 2712 preciosis,
2076 2627 2109 2692 id
2131 2642 2200 2711 est,

187 2707 264 2787 Dei,
286 2708 437 2776 dubitare
455 2696 695 2777 conscientiam
717 2730 860 2778 necesse
881 2722 945 2793 est,
967 2722 1077 2778 rtrum
1099 2707 1166 2795 pla·
1216 2710 1351 2788 sentire,
1372 2710 1578 2795 quoereus
1601 2711 1841 2799 implacatus,
1863 2713 2022 2780 varietate
2043 2715 2199 2798 vestitus,

175 2807 287 2863 ceant
307 2793 392 2860 Deo.
1077 2808 1080 2813 ’
1217 2808 1498 2875 ornamentorum,
1522 2808 1555 2862 et
1576 2798 1884 2878 similibusritibus,
1907 2795 2027 2886 quales
2047 2811 2129 2867 suat
2149 2802 2200 2868 in·

272 2876 316 2946 Et
344 2882 423 2966 quid
449 2880 485 2947 in
513 2901 551 2947 re
580 2878 756 2948 manifesta
784 2883 899 2950 verbis
921 2902 1008 2968 opus
1034 2880 1112 2947 esti
1136 2881 1165 2945 si
1216 2878 1297 2946 finiti
1318 2881 1353 2946 in
1374 2883 1605 2950 traditionibus
1627 2883 1791 2953 humanis.
1806 2887 1879 2966 ⁸⁷)

186 2966 251 3032 hos
279 2964 444 3033 humanos
477 2966 589 3034 cultus
621 2964 803 3035 defendunt
828 2969 1013 3056 aduersarij
1046 2968 1165 3048 nostri,

186 3064 344 3138 tanquam
371 3063 599 3139 promerentes
625 3054 913 3136 iustificationem,
934 3055 1092 3142 gratiam,
1113 3072 1165 3119 re·

186 3139 379 3204 missionem
399 3152 633 3223 peccatorum,
661 3137 856 3225 simpliciter
882 3142 1088 3208 constituunt
1112 3158 1164 3205 re·

188 3243 291 3311 gnum
310 3222 517 3291 Antichristi.
537 3224 623 3290 Nam
644 3246 782 3313 regnum
800 3226 1009 3306 Antichristi,
1031 3237 1084 3292 est
1105 3247 1166 3291 no·
1215 3209 1262 3275 85)
1280 3208 1321 3277 s}
1340 3209 1389 3262 Μ
1409 3210 1448 3263 ³³
1461 3156 1559 3263 κω

186 3328 253 3376 uus
274 3306 384 3375 cultus
401 3307 478 3388 Dei,
499 3311 708 3397 excogitatus
726 3309 870 3379 humana
881 3315 1069 3392 autoritate,
1090 3312 1165 3395 reij-
1214 3294 1262 3359 ⁸⁸)
1280 3295 1466 3362 ⁰¹³⁸⁰¹¹f⁸b⁸¹¹²l
1483 3296 1535 3349 ted.
1553 3294 1579 3348 ³·
1597 3301 1650 3364 'ti’-
1669 3296 1911 3350 ammonebant

188 3396 283 3461 ciens
300 3389 514 3473 'Ghristum‚
552 3397 640 3461 sicut
677 3415 817 3483 regnum
849 3397 1033 3464 Mahometi
1064 3396 1166 3463 habet
1214 3381 1263 3447 ⁸⁷)

188 3478 313 3559 cultus,
334 3479 438 3547 hebet
458 3500 574 3566 opera,
595 3501 656 3566 per
676 3482 845 3567 quaeault
861 3483 1033 3550 iustificari
1050 3503 1164 3552 coram

186 3564 281 3646 Deo,
306 3587 371 3634 nec
393 3569 495 3633 sentit
520 3567 674 3633 homines
701 3586 816 3635 coram
837 3568 912 3635 Deo
943 3570 1047 3656 gratis
1074 3569 1165 3635 iusti·

187 3653 281 3720 ficari
313 3652 379 3719 tide
404 3665 541 3738 propter
570 3651 750 3721 Christum.
794 3654 843 3721 lta
870 3666 904 3721 et
924 3655 1075 3742 Papatue
1102 3656 1165 3721 erit

187 3760 268 3825 pars
301 3739 396 3824 regni
430 3738 648 3817 Antichristi‚
678 3742 706 3805 si
740 3743 791 3808 sic
820 3738 968 3808 defendit
1000 3742 1163 3809 humanos

189 3824 318 3904 cuitus,
349 3826 439 3910 quod
471 3825 659 3893 laetificent.
714 3824 907 3893 Detrahitur
937 3831 1023 3895 enim
1055 3827 1165 3893 honos

188 3909 345 3990 Christo,
371 3930 446 3975 cum
469 3912 611 3989 docent,
638 3914 728 3998 quod
750 3932 817 3978 non
838 3925 975 4001 propter
995 3913 1165 3981 Christum

189 3998 295 4083 gratis
312 3995 528 4062 iustificemar
546 4018 606 4083 per
626 3996 739 4077 fidam,
760 3998 828 4065 Sed
846 4020 906 4085 per
923 3999 1072 4079 teles⁸⁸)
1095 3997 1165 4067 cul·

188 4093 262 4162 tus,
284 4083 490 4168 maximeque
512 4103 587 4148 cum
609 4084 750 4164 docent,
771 4083 855 4153 tales
879 4085 1001 4163 cultus,
1021 4105 1089 4151 nou
1109 4105 1165 4149 so·

187 4165 257 4235 lum
278 4164 376 4236 vtiles
398 4188 476 4233 esse
496 4170 539 4234 ad
561 4170 845 4252 iustificationem,
868 4173 930 4238 sed
951 4174 1164 4238 necessarios

187 4257 306 4335 etiam,
334 4255 421 4319 sicut
442 4274 545 4338 supra
566 4255 600 4320 in
621 4254 763 4323 articulo
785 4270 907 4324 octauo
929 4259 1086 4333 sentinat,
1107 4259 1162 4324 vbi

88 4360 92 4369 ·
187 4342 346 4407 damnant
366 4359 448 4419 nos,
477 4341 566 4425 quod
587 4341 745 4420 diximus,
773 4344 863 4429 quod
890 4365 956 4411 non
986 4345 1030 4408 sit
1050 4364 1166 4413 ncces·

188 4429 325 4504 sarium,
348 4427 391 4491 ad
414 4446 529 4492 veram
551 4428 706 4494 unitatem
727 4428 918 4510 Ecclesiae,
939 4431 1061 4516 vbique
1083 4431 1167 4496 simi·

187 4508 240 4576 les
273 4530 352 4576 esse
388 4512 471 4577 ritus
504 4514 546 4579 ab
587 4513 774 4581 hominibus
807 4516 989 4583 institutos.
1044 4514 1166 4580 Daniel

112 4638 115 4643 -
189 4594 306 4682 Capite
327 4598 513 4678 vndectmo,
527 4602 581 4675 ⁸⁴)
603 4599 769 4688 significat
791 4620 900 4668 nouos
922 4598 1032 4669 cultus
1054 4601 1167 4668 huma·

154 4938 157 4943 n
189 4905 402 4972 animumne
441 4908 505 4960 Sine
527 4910 608 4962 verbo
630 4936 665 4949 -
686 4919 773 4976 potest
794 4909 941 4978 affirmari]
967 4912 1048 4966 liditt.
1074 4914 1166 4964 i-br

258 4974 409 5095 ippbticepirt,
425 4992 483 5028 eum
500 4979 601 5030 idaiae
618 4980 700 5031 uerbo
717 4993 750 5031 ao
766 4981 917 5033 matimonio
934 4981 988 5033 Dei
1009 4997 1064 5035 non
1084 4982 1170 5049 possit

258 5059 275 5095 a
304 5058 359 5093 rma
385 5083 391 5096 .

190 5131 238 5198 Η)
256 5130 313 5197 ait,l
331 5131 412 5182 Editt.
432 5133 524 5181 2-4.z
543 5132 623 5194 dicat,

190 5216 399 5283 83)taiea]1ld.
418 5220 456 5269 4.=
473 5223 524 5286 typ.
543 5232 592 5268 arr.
616 5219 682 5270 tolet

190 5300 238 5368 84)
256 5301 415 5368 radeoimo,]
434 5301 484 5353 lte
503 5303 544 5353 dm
564 5304 606 5354 il.

1281 3395 1308 3432 at
1324 3389 1431 3448 propter
1452 3381 1500 3432 bas
1525 3382 1617 3432 sarisas
1635 3409 1668 3420 -
1687 3409 1720 3421 -
1739 3385 1817 3433 -in
1841 3383 2027 3436 traditionibus
2050 3382 2195 3452 hamanis}

1282 3450 1367 3500 Editt.
1385 3451 1463 3501 2-4.
1478 3466 1527 3517 pro
1545 3449 1584 3501 lia
1601 3449 1756 3503 brwioriboa
1773 3449 1861 3504 babeat
1878 3451 1967 3505 maa
1985 3454 2144 3520 prolixiore:
2168 3460 2199 3504 ut

1283 3527 1372 3583 aperte
1389 3527 1499 3569 testatur
1515 3519 1678 3586 Epiphanius
1696 3521 1913 3587 indisputaeiona
1931 3531 2025 3572 contra
2039 3520 2199 3585 anensem,

1284 3588 1354 3652 quod
1380 3602 1463 3651 genus
1487 3590 1572 3638 simile
1598 3588 1648 3639 fait
1673 3588 1861 3640 Mcnacborum
1884 3599 2043 3642 nostrorum.
2080 3590 2199 3642 Fuerunt

1284 3659 1354 3706 enim
1370 3658 1500 3707 sodaltcia
1517 3671 1584 3722 qnae
1601 3659 1650 3709 sibi
1669 3665 1752 3709 certas
1771 3660 1927 3710 traditiones
1942 3659 2119 3724 imponebant,
2137 3661 2198 3711 aba·

1283 3726 1403 3775 tinebant
1419 3741 1436 3775 a
1458 3726 1520 3776 uino
1542 3728 1621 3777 etiam
1639 3729 1666 3777 in
1688 3729 1745 3793 ipsa
1764 3727 1855 3778 Coena
1871 3728 1987 3791 Domini,
2007 3728 2095 3778 Nullis
2111 3730 2200 3780 carni·

1284 3794 1331 3844 hna
1348 3796 1529 3857 uescebantur,
1547 3810 1580 3845 ne
1598 3797 1708 3859 piscium
1726 3798 1844 3862 quidem,
1863 3812 1914 3862 qus
1930 3799 1958 3848 in
1976 3813 2004 3847 re
2028 3797 2122 3847 iratres
2140 3796 2198 3848 Do·

1283 3864 1373 3914 minici
1391 3865 1470 3927 longe
1487 3864 1652 3930 superabant.
1687 3867 1713 3916 A
1736 3867 1859 3930 coniugio
1877 3881 1941 3918 nero
1960 3868 2001 3916 nel
2020 3869 2132 3918 maxime
2150 3867 2197 3917 ab·

1283 3932 1439 3994 horrebant,
1458 3941 1484 3982 et
1502 3934 1523 3982 ai
1542 3949 1559 3984 a
1576 3934 1763 3984 consuetudine
1780 3937 1917 3985 mulierum
1940 3950 1994 3986 nou
2011 3933 2198 3986 abhorrebant.

1284 4002 1315 4052 Id
1333 4003 1403 4052 enim
1424 4003 1516 4067 obiicit
1533 4003 1571 4051 eis
1589 4002 1764 4067 Epiphanius,
1782 4004 1913 4054 hebebant
1935 4006 2005 4053 enim
2030 4005 2197 4055 muliercula·

1283 4085 1340 4120 rum
1358 4071 1420 4138 [ild.
1434 4071 1459 4121 3.
1476 4071 1551 4122 mole:
1569 4068 1757 4142 mulierculam]
1775 4087 1868 4137 greges
1886 4074 1954 4123 idem
1972 4074 2041 4123 ritae
2052 4089 2136 4137 genas
2155 4088 2199 4123 ae·

1283 4148 1407 4205 quantes,
1437 4141 1502 4189 sicut
1528 4140 1578 4189 hoc
1604 4148 1721 4205 tempore
1747 4143 1802 4192 iare
1831 4142 1926 4208 ubique
1949 4141 2046 4192 habent
2070 4141 2199 4193 Monachi

1285 4209 1373 4258 uicina
1396 4208 1531 4258 mulierum
1554 4208 1726 4260 Monasteria.
1762 4210 1797 4259 lit
1820 4210 1866 4260 has
1890 4210 2090 4261 obscurationes
2112 4211 2199 4276 linge-

1285 4277 1350 4326 bant
1367 4290 1423 4326 esse
1442 4278 1539 4327 cultum
1555 4277 1621 4340 Dei,
1640 4286 1666 4327 ot
1687 4279 1816 4330 iusticiam
1838 4286 2041 4345 propterquam
2067 4278 2127 4330 Deo
2151 4276 2220 4330 ac·'

1285 4345 1353 4409 cepti
1372 4353 1466 4408 essem,
1485 4360 1536 4409 qua
1553 4347 1686 4412 placarent
1702 4350 1768 4398 iram
1784 4347 1845 4399 Dei.
1880 4348 1956 4398 Hanc
1979 4350 2128 4414 opinionem
2147 4350 2198 4399 im·

1284 4415 1379 4481 probat
1395 4414 1564 4480 Epiphanius,
1583 4426 1609 4465 et
1626 4417 1694 4466 alios
1711 4415 1777 4466 lines
1796 4431 1852 4467 esse
1875 4418 2047 4468 traditionum
2071 4419 2196 4480 ostendit,

1286 4484 1349 4534 dicit
1366 4484 1515 4548 probandas
1533 4499 1589 4534 esse
1607 4486 1770 4548 traditiones,
1786 4487 1870 4536 factas
1888 4482 1938 4534 dat
1954 4482 2004 4547 triu
2021 4481 2197 4555 ἐγκράτειαν,

1284 4548 1301 4615 ἢ
1318 4549 1367 4601 daci
1384 4548 1435 4612 τὴν
1451 4549 1600 4614 nobum,
1618 4553 1669 4603 hoc
1687 4560 1734 4618 eat,
1751 4563 1797 4604 aut
1814 4557 1848 4605 ad
1866 4555 2055 4606 cohercendam
2079 4569 2198 4619 carnem,

1283 4628 1392 4686 propter
1407 4622 1570 4687 disciplinam
1588 4624 1706 4684 rudium,
1724 4630 1769 4673 aut
1785 4632 1890 4689 propter
1905 4625 2040 4688 politicum
2063 4625 2197 4675 ordinem.

1200 4740 1203 4747 ,
1285 4690 1322 4741 lit
1337 4703 1386 4740 nos
1399 4700 1505 4756 propter
1517 4691 1563 4741 bas
1576 4705 1665 4741 causas
1678 4700 1747 4741 recte
1758 4694 1858 4743 seruari
1872 4708 1950 4757 posse
1961 4694 2117 4743 traditiones
2128 4694 2197 4743 iudi·

1286 4774 1381 4810 murus.
1410 4759 1446 4808 Vt
1456 4761 1565 4825 populus
1583 4759 1687 4810 sobrius
1705 4761 1809 4811 intersit
1826 4764 1917 4824 sacris,
1935 4764 2002 4812 sicut
2019 4761 2152 4827 iosaphat,
2171 4769 2199 4812 et

1285 4826 1344 4878 itex
1362 4827 1458 4877 Niniue
1475 4829 1574 4880 ieiunia
1589 4828 1748 4879 indixerant.
1780 4831 1846 4881 Item
1864 4837 1892 4880 at
1909 4831 1975 4881 ordo
1993 4838 2020 4881 et
2037 4831 2128 4897 politia
2146 4831 2199 4882 lic·

1286 4898 1381 4946 clasiae
1399 4898 1494 4946 doceat
1510 4899 1650 4963 imperitos,
1668 4898 1732 4963 quid
1749 4913 1801 4963 qno
1816 4907 1931 4964 tempore
1943 4901 2096 4963 germmait
2123 4901 2199 4951 Hine

1286 4975 1347 5016 eunt
1363 4966 1445 5015 leriae
1461 4965 1575 5030 Natalis,
1592 4965 1734 5030 Paschetis,
1750 4966 1929 5029 Pentecostes,
1948 4975 1975 5018 et
1991 4970 2099 5021 similes.
2135 4969 2198 5020 Hos

1287 5035 1415 5099 estquod
1432 5034 1595 5099 Epiphanius
1612 5037 1665 5099 ait,
1681 5036 1792 5101 politiae
1809 5051 1889 5087 causa
1905 5038 2040 5088 institutas
2063 5047 2198 5089 esse·tra·

1286 5102 1409 5164 ditiones,
1426 5104 1551 5153 uidelicet
1567 5105 1667 5155 ordinis
1684 5118 1776 5167 musa,
1798 5113 1826 5156 et
1846 5113 1876 5155 nt
1898 5106 1964 5156 ordo
1987 5106 2032 5157 iile
2049 5108 2201 5157 'moneat

1286 5170 1406 5222 homines
1423 5173 1455 5221 de
1473 5173 1590 5235 historia,
1610 5180 1636 5223 ot
1653 5175 1686 5224 da
1703 5172 1835 5240 beneflciis
1852 5173 1966 5236 Christi,
1988 5175 2094 5237 Etenim
2111 5176 2198 5237 multo

1286 5241 1418 5291 efficacius
1435 5241 1578 5291 admonent
1593 5242 1696 5306 uulgus,
1713 5253 1791 5293 notua
1808 5256 1894 5294 rerum
1910 5245 1986 5308 quasi
2003 5245 2127 5310 pictaaiu
2138 5259 2198 5296 mo·

1287 5310 1358 5361 ribus
1376 5325 1408 5360 ac
1424 5311 1526 5373 ritibus,
1542 5325 1620 5378 quam
1636 5312 1739 5363 literae.
1774 5312 1830 5364 ilos
1853 5312 1918 5364 husa
1940 5315 2066 5381 proderat
2088 5314 2200 5365 ostendi

1473 5529 1500 5561 A
