4756 6194
81 350 84 355 ¹
167 335 235 402 aas
447 310 451 397 J
617 330 731 400 run.
751 330 857 400 nun.
879 306 1068 398 scum
1087 319 1358 397 uounnttcn
1376 328 1434 409 nr
1452 328 1724 398 sunnonrcn.
2009 344 2021 355 ·
2124 324 2194 395 ιιι

171 522 495 608 concupiscentiam,
515 541 584 586 non
605 532 731 587 tantum
753 531 850 587 actus
872 539 933 585 son
954 517 1083 585 iructus
1103 519 1153 583 in·
1202 519 1278 587 cici
1321 517 1490 594 Quorsum
1513 536 1600 604 opus
1628 518 1690 584 erit
1718 516 1838 584 siritu
1863 526 1999 598 muno,
2033 518 2065 582 si
2095 517 2190 583 viras

170 609 365 697 telligimns,
388 610 450 673 sed
473 618 667 693 perpetuam
689 619 828 672 naturae
849 603 1107 672 inclinationem.
1202 606 1366 673 humanae
1386 625 1447 690 per
1468 623 1546 668 sese
1567 616 1709 688 possunt
1733 538 1842 669 Naum
1870 623 1973 689 super
1996 605 2111 670 omnia
2142 604 2188 669 di·

259 694 327 760 Sed
355 703 475 778 postea
505 694 722 757 ostendemus
754 691 906 776 pluribus
933 692 1064 767 verbis,
1093 711 1153 755 uo·
1201 689 1328 779 ligere,
1350 703 1384 756 et
1405 700 1585 775 praecepta
1606 689 1670 755 Dei
1698 687 1832 755 iacere?
1876 689 1957 763 Quis
1985 710 2054 755 non
2082 690 2190 769 videt,

169 784 276 847 'stram
298 780 556 864 descriptionem
579 779 770 843 consentire
791 798 865 842 cum
887 778 1008 842 usitata
1033 797 1076 842 ao
1097 795 1152 841 vo·
1203 798 1302 864 quam
1334 788 1553 864 praepostere
1586 778 1732 841 sentiant
1763 776 1969 860 aduersarij‘t
2023 774 2189 841 Leuiores

172 869 236 933 teti
270 865 468 932 definitione.
525 862 624 928 Prius
664 865 750 928 enim
791 859 965 928 consilium
1001 873 1152 928 nuscum
1202 867 1340 930 morbos
1374 866 1408 926 in
1439 874 1561 927 natura
1593 860 1737 928 hominis
1769 872 1978 947 agnoscunt,
2010 862 2189 947 grauiores

172 952 386 1038 aperiendum
421 960 490 1028 est,
523 969 583 1014 cur
612 949 666 1013 his
698 950 905 1034 potissimum
938 949 1053 1014 verbis
1087 947 1154 1014 hoc
1203 953 1342 1015 morbos
1372 968 1440 1013 non
1473 958 1680 1032 agnoscunt,
1708 949 1750 1011 de
1779 947 1899 1032 qulbus
1930 960 2040 1013 tamen
2063 947 2190 1032 ubique

172 1036 252 1104 loco
275 1039 328 1101 vsi
350 1037 463 1101 simus.
496 1033 689 1121 Aduorsarij
712 1037 746 1099 in
769 1032 896 1100 scholis
919 1030 1065 1099 intentur
1086 1054 1153 1098 ma·
1203 1036 1361 1100 admonet
1381 1053 1446 1099 nos
1467 1032 1646 1116 scripturo,
1668 1032 1779 1100 etPrc
1804 1031 1902 1098 hetae
1922 1042 2085 1119 perpetuo
2109 1052 2190 1098 con·

172 1120 292 1190 teriale
313 1130 364 1203 (ut
384 1127 522 1196 vocant)
544 1122 675 1204 peccati
696 1119 870 1207 originalis
893 1139 971 1186 esse
994 1121 1153 1203 concupi·
1177 1114 1180 1129 ¹
1203 1133 1399 1207 queruntur,
1419 1115 1587 1197 videlicet,
1609 1121 1653 1183 de
1674 1139 1755 1184 corn
1792 1119 1800 1137 ‘
1824 1120 2020 1198 securitate,
2042 1119 2086 1183 de
2108 1137 2191 1185 con·

174 1210 355 1288 scentiam,
373 1227 475 1292 quare
495 1210 530 1271 in
552 1207 740 1271 deliniendo
763 1205 913 1271 nonfuit
938 1218 1154 1290 praetereun·
1176 1140 1181 1277 l
1204 1219 1329 1291 tempto
1350 1204 1432 1283 Dei,
1451 1205 1494 1269 do
1512 1205 1589 1269 odio
1613 1205 1696 1283 Dei,
1723 1216 1756 1269 et
1778 1202 1941 1269 similibus
1962 1204 2053 1288 ritijs
2075 1205 2190 1269 uobis·

174 1295 235 1372 (ia,
263 1294 458 1378 praesertim
484 1290 550 1358 hoc
573 1304 739 1377 tempore,
768 1313 844 1358 cum
867 1293 909 1355 de
936 1311 976 1356 ea
1004 1287 1154 1357 nonnulli
1177 1284 1181 1375 i
1205 1313 1280 1357 cum
1302 1292 1410 1371 natis,
1432 1289 1503 1354 Sed
1524 1301 1701 1375 postquam
1724 1288 1919 1356 scholastici
1941 1291 2192 1356 admiscuerunt

174 1400 291 1464 parum
314 1377 470 1464 religiose
492 1376 783 1463 philosophantur.
863 1438 868 1447 .
1178 1380 1183 1449 ²,
1206 1378 1377 1444 doctrinae
1400 1373 1626 1453 Christianae,
1649 1373 1898 1461 Philosophiam
1921 1378 1963 1442 de
1983 1373 2192 1460 perfectione

263 1464 404 1537 Quidam
426 1464 513 1528 enim
536 1464 717 1548 disputant,
739 1475 915 1548 peccatum
926 1463 1065 1548 originis
1088 1483 1154 1526 nou
1179 1458 1353 1535 '·naturae‚
1376 1471 1410 1527 ct
1431 1459 1508 1545 plus
1526 1482 1624 1546 qnam
1647 1465 1730 1527 satis
1751 1473 1842 1540 erat,
1863 1459 1972 1527 libero
1993 1464 2134 1528 arbitrio
2158 1472 2193 1527 et

176 1570 254 1615 esse
276 1550 412 1636 aliquod
440 1550 474 1613 in
503 1560 623 1615 natura
648 1549 792 1615 hominis
820 1549 962 1627 vicium,
992 1568 1054 1613 seu
1083 1567 1157 1611 cor·
1206 1550 1339 1616 actibus
1369 1544 1490 1612 elicitis
1505 1550 1538 1624 ⁹)
1571 1547 1775 1627 tribuerunt,
1802 1560 1835 1613 et
1861 1547 2013 1614 homiues
2040 1544 2193 1633 philoso-

175 1638 374 1722 ruptionem,
392 1637 454 1700 sed
477 1646 602 1700 tantum
625 1635 832 1712 seruitutem,
854 1655 915 1698 seu
934 1634 1156 1698 conditionem
1205 1636 1306 1721 phica
1327 1654 1390 1697 scu
1412 1629 1501 1698 ciuili
1522 1633 1670 1711 iusticia,
1693 1655 1792 1719 quam
1815 1646 1849 1700 et
1874 1654 1939 1700 nos
1966 1632 2113 1699 fatemur
2140 1653 2193 1698 ra·

175 1721 404 1799 mortalitatis,
428 1741 525 1804 quam
552 1722 731 1807 propagati
757 1741 799 1784 ex
821 1720 930 1785 Adam
960 1721 1157 1797 sustineant,
1179 1691 1184 1789 l
1208 1721 1291 1786 doni
1312 1720 1496 1785 subiectam
1520 1737 1617 1797 esse,
1644 1730 1678 1784 et
1699 1718 1811 1806 aliquo
1833 1721 1934 1785 modo
1960 1721 1994 1784 in
2021 1729 2195 1805 potestate

176 1809 250 1872 sine
273 1805 385 1891 aliquo
408 1807 545 1890 proprio
566 1808 666 1885 vicio,
687 1817 825 1890 propter
847 1804 991 1871 alienam
1013 1803 1156 1888 culpam.
1180 1794 1185 1869 l
1207 1817 1324 1871 nostra
1346 1804 1638 1887 esse,iustiiica1i
1661 1825 1772 1869 coram
1795 1803 1870 1869 Deo
1892 1805 2100 1884 docuerunt,
2122 1824 2193 1869 non

132 1905 134 1909 ’
176 1892 354 1957 Praeterea
376 1893 513 1968 addunt,
536 1894 699 1956 neminem
723 1894 872 1956 damnari
894 1902 1000 1955 morte
1022 1902 1157 1955 aeterna
1180 1872 1185 1991 Ι
1207 1902 1386 1977 potuerunt
1396 1889 1510 1955 videre
1526 1890 1714 1954 interiorem
1723 1891 1964 1956 immundiciam
1976 1904 2119 1957 naturae
2129 1888 2193 1955 ho·

176 1987 313 2063 propter
333 1988 507 2060 peccatum
535 1979 692 2063 originis,
725 1977 821 2041 Sicut
851 1997 893 2041 ex
922 1973 1046 2040 ancilla
1067 1977 1158 2040 serui
1180 1994 1186 2065 ᾗ
1207 1978 1346 2054 minum,
1368 1976 1485 2060 Neque
1504 1976 1590 2040 enim
1611 1987 1724 2061 potest
1746 1977 1904 2055 indicari,
1933 1976 2060 2042 nisiex
2082 1978 2192 2042 verbo

176 2074 371 2134 nascuntur,
395 2073 428 2126 et
448 2061 538 2127 hanc
561 2064 782 2129 conditionem
804 2063 877 2126 sine
898 2075 1038 2127 naturae
1054 2062 1157 2146 vitijs,
1180 2070 1186 2107 ¹
1207 2062 1290 2139 Dei,
1320 2062 1410 2146 quod
1438 2058 1632 2128 scholastici
1662 2064 1696 2127 in
1718 2061 1790 2126 suis
1819 2062 2099 2147 disputationibus
2121 2082 2193 2127 non

56 2148 59 2153 ’
177 2150 238 2213 sed
260 2160 397 2233 propter
418 2145 638 2213 calamitatem
661 2148 775 2213 matris
804 2149 985 2225 sustinent,
1007 2146 1100 2225 Nos,
1122 2157 1158 2211 vt
1209 2167 1313 2232 saepe
1336 2157 1491 2212 tractant.

177 2232 266 2299 hunc
292 2236 423 2317 impiam
456 2233 643 2317 opinionem
671 2232 936 2319 significaremus
965 2234 1063 2299 nobis
1091 2232 1159 2301 dis·,
1295 2230 1369 2296 llae
1389 2230 1523 2297 fuerunt
1544 2251 1686 2316 causae,
1716 2254 1777 2299 cur
1799 2234 1833 2298 iu
1863 2234 2086 2317 descriptione
2115 2252 2194 2316 pec·

176 2317 312 2405 plicare,
336 2322 629 2403 concupiscentiae
645 2322 844 2384 mentionem
861 2317 1014 2398 iacimus,
1031 2319 1157 2402 optimo
1209 2318 1276 2384 cati
1309 2318 1468 2404 originis,
1500 2330 1535 2382 et
1560 2318 1853 2403 concupiscentiae
1883 2321 2083 2384 mentionem
2111 2320 2195 2385 feci·

177 2404 287 2471 animo
308 2407 446 2469 morbos
468 2406 729 2483 commuuimus,
757 2418 792 2469 et
812 2404 1046 2489 exposuimus,
1068 2403 1158 2488 quod
1209 2423 1301 2481 mus,
1332 2416 1367 2468 et
1400 2403 1601 2469 detraximus
1634 2402 1844 2468 naturalibus
1876 2405 2004 2469 viribus
2036 2403 2194 2484 hominis,

177 2503 298 2556 notura
320 2488 487 2554 homiuum
508 2501 664 2574 corrupta
687 2502 719 2553 et
740 2491 869 2555 viciose
890 2502 1060 2554 nascatur.
1208 2489 1359 2554 timorem
1388 2502 1423 2553 et
1450 2488 1604 2553 fiduciam
1631 2509 1711 2575 crgo
1743 2488 1870 2567 Deum,
1901 2488 2076 2556 voluimus
2105 2491 2194 2556 enim

264 2575 382 2660 Neque
405 2594 485 2639 vcro
508 2586 633 2639 tarnum
656 2576 958 2660 concupiscentiam
976 2573 1159 2639 nominaui·
1209 2573 1417 2661 significare,
1451 2575 1541 2659 quod
1573 2587 1747 2658 peccatum
1782 2576 1921 2661 originis
1941 2574 2023 2639 'hos
2059 2594 2196 2660 quoque

178 2680 272 2739 mus,
301 2662 363 2725 sed
392 2659 532 2724 diximus
559 2661 656 2725 etiam
686 2662 807 2725 deesse
834 2662 986 2725 timorem
1015 2658 1099 2738 Dei,
1127 2668 1160 2722 et
1208 2661 1345 2724 morbos
1370 2661 1556 2739 contineat,
1584 2661 1828 2745 ignorationem
1857 2660 1937 2741 Dei,
1967 2671 2196 2746 contemptum

177 2745 289 2824 iidem,
311 2745 348 2809 ld
367 2744 433 2810 hoc
462 2744 603 2810 consilio
630 2746 823 2812 adiecimus.
866 2744 1058 2811 Extenuant
1083 2764 1159 2829 pec·
1208 2744 1285 2831 Dei,
1308 2765 1431 2810 vacare
1452 2757 1541 2809 metu
1563 2744 1635 2815 Dei,
1658 2757 1692 2811 et
1712 2744 1835 2813 fiducia
1856 2765 1939 2832 erga
1967 2746 2092 2824 Deum,
2123 2766 2195 2810 nou

178 2842 287 2897 catum
316 2831 464 2916 Originis
493 2843 527 2897 et
550 2828 949 2911 scholasticidoctores,
978 2850 1046 2896 nou
1074 2830 1158 2895 satis
1208 2850 1312 2915 posse
1340 2827 1480 2918 diligere
1506 2829 1625 2896 Deum.
1670 2830 1766 2898 llaec
1790 2844 1869 2896 sunt
1895 2834 2077 2918 praecipua
2102 2832 2195 2898 vicia

177 2913 401 3003 intelligentes
431 2916 654 2983 definitionem
682 2919 812 3003 peccati
841 2914 1032 3003 originalis,
1060 2936 1160 3002 quam
1208 2927 1350 2983 naturae
1367 2915 1543 2997 humanae,
1564 2919 1748 3005 pugnantia
1769 2919 1905 3004 proprie
1928 2938 2003 2983 cum
2024 2918 2194 3003 primata·

177 3013 380 3087 acceperunt
400 3024 422 3067 a
443 3004 606 3086 patribus.
650 3002 705 3068 Dc
727 3000 840 3071 iomite
862 3005 1048 3088 disputant,
1069 3001 1160 3087 qnod
1209 3000 1290 3069 bula
1312 3000 1475 3089 decalogi.

179 3090 221 3153 sit
244 3085 387 3172 qualitas
417 3091 589 3174 corporis,
617 3099 651 3152 et
678 3102 715 3154 vt
739 3108 803 3156 suo
829 3108 923 3155 more
950 3089 1019 3154 sint
1047 3088 1159 3171 inepti,
1294 3087 1413 3173 Neque
1445 3089 1526 3155 noui
1557 3089 1737 3175 quidquam
1766 3088 1918 3154 diximus.
1971 3087 2079 3154 Vetus
2112 3087 2195 3154 deii·

179 3184 343 3259 quaerunt
362 3187 470 3237 rtrum
494 3171 637 3258 qualitas
658 3171 734 3254 illa,
758 3186 859 3241 conta
883 3176 960 3240 'one
980 3175 1088 3259 pomi,
1115 3192 1159 3235 an
1208 3173 1290 3238 nitio
1312 3186 1405 3239 recte
1432 3170 1602 3241 intellecta
1631 3194 1772 3259 prorsus
1798 3175 1885 3239 idem
1913 3175 2009 3254 dicit,
2038 3173 2122 3240 Cum
2148 3175 2194 3239 ait

179 3278 221 3325 er
240 3253 356 3323 affiatu
374 3260 540 3342 serpentis
563 3268 736 3324 contracta
764 3260 826 3338 sit,
886 3265 972 3325 trum
998 3267 1161 3344 augeatur
1232 3271 1383 3324 cocetum
1405 3260 1544 3345 originis
1565 3261 1745 3325 carentiam
1768 3278 1845 3325 esse
1869 3261 2021 3326 iusticias
2050 3262 2194 3347 origina-

178 3344 438 3410 medicamentis.
483 3341 679 3408 Huiusmodi
708 3346 961 3429 quaestionibus
983 3360 1160 3429 oppresse-
1208 3280 1265 3409 lls.
1320 3343 1409 3416 Quid
1447 3358 1501 3409 cst
1538 3358 1648 3410 autem
1687 3345 1841 3410 iusticia?
1895 3344 2102 3413 Scholastici
2134 3347 2191 3413 hic

178 3442 256 3495 runt
277 3425 461 3513 principale
482 3431 677 3515 negocium,
702 3429 819 3515 ltaque
850 3449 925 3494 cum
952 3430 994 3497 de
1020 3437 1159 3515 peccato
1181 3431 1360 3513 prirentur
1392 3432 1435 3496 de
1467 3428 1652 3496 dialecticis
1680 3432 1952 3517 quaestionibus,
1986 3449 2054 3497 non
2088 3429 2193 3517 expli·

180 3514 330 3601 Originis
351 3511 551 3599 loquuntur,
578 3516 733 3601 grauiora
754 3515 842 3581 vicia
875 3515 1041 3580 humanae
1067 3524 1161 3579 natu·
1211 3527 1289 3580 cant
1310 3517 1390 3599 quid
1411 3516 1454 3579 sit
1475 3516 1609 3581 iusticia
1630 3514 1822 3604 Originalis.
1868 3518 1975 3582 Porro
1997 3517 2130 3583 iusticia
2157 3518 2193 3582 iu

179 3622 239 3666 roe
256 3621 324 3666 non
342 3613 615 3680 commemorant,
634 3597 762 3666 scilicet
779 3601 1020 3687 ignorationem
1033 3602 1067 3679 θ)
1084 3599 1161 3679 Dei,
1210 3601 1403 3684 scripturis,
1428 3602 1575 3666 continet
1596 3621 1665 3665 nou
1686 3612 1812 3668 tautum
1835 3605 2017 3669 secundam
2042 3600 2193 3668 tabulam

182 3696 407 3770 contemptum
418 3684 494 3764 Dei,
516 3707 639 3751 vacare
649 3696 741 3752 metu
763 3696 796 3751 et
817 3686 937 3752 fiducia
947 3685 1024 3764 Dei,
1046 3686 1162 3751 odisse
1211 3683 1342 3752 Deculo
1367 3688 1395 3764 i,
1423 3687 1484 3752 sed
1510 3690 1647 3771 primam
1674 3707 1824 3773 quoque,
1850 3710 1936 3774 quae
1963 3689 2127 3774 praecipit
2149 3691 2193 3765 de

180 3773 335 3838 iudicium
353 3769 430 3850 Dei,
450 3770 569 3857 sugere
590 3771 699 3837 Deum
720 3773 931 3851 iudicantem,
951 3774 1053 3837 irasci
1074 3769 1161 3854 Deo,
1211 3773 1330 3837 timore
1342 3707 1426 3850 lter,
1450 3772 1493 3839 tle
1513 3771 1593 3851 lide,
1611 3774 1653 3837 de
1674 3794 1788 3839 amore
1810 3775 1884 3840 Dei.
1927 3774 2042 3860 ltaque
2059 3764 2221 3857 iusticial¹

179 3859 361 3943 desperare
389 3861 547 3944 gratiam,
579 3856 706 3923 habero
734 3857 889 3924 fiduciam
922 3879 1031 3923 rerum
1064 3878 1161 3943 prae·
1211 3855 1391 3943 Originulis
1412 3855 1567 3925 habiture
1589 3870 1661 3924 erat
1683 3880 1751 3925 nou
1773 3856 1882 3925 solum
1904 3857 2045 3946 aequale
2066 3870 2192 3946 tempe·
2226 3916 2229 3921 .

79 3980 82 3984 >
179 3945 321 4009 sentium
345 3954 408 4006 etc.
452 3941 524 4007 lios
547 3945 700 4022 morbos,
727 3945 784 4028 qui
813 3944 955 4008 maxime
980 3944 1161 4008 aduerson·
1211 3955 1393 4009 ramentum
1411 3943 1605 4029 qualitatum
1623 3946 1787 4028 corporis,
1804 3948 1865 4011 sed
1884 3948 1981 4010 etiam
1994 3946 2191 4024 haecdona,
2226 4016 2229 4021 ,

177 4042 234 4096 tur
252 4028 320 4113 legi
342 4027 423 4108 Dei,
452 4048 520 4093 uon
549 4030 815 4094 animaduertunt
852 4029 1068 4106 scholastici,
1092 4028 1160 4094 lmo
1183 4046 1189 4109 t
1211 4029 1368 4095 noticiam
1389 4027 1455 4094 Dei
1477 4032 1663 4110 certiorem,
1680 4032 1829 4095 timorem
1846 4030 1924 4111 Dei,
1941 4032 2095 4097 fiduciam
2112 4030 2222 4115 Dci,2r

177 4116 327 4180 tribuunt
347 4115 477 4179 interim
500 4114 664 4181 humanae
684 4125 823 4181 naturae
840 4116 991 4201 integras
1008 4115 1099 4181 vires
1117 4113 1162 4179 ad
1210 4126 1268 4181 aut
1287 4126 1378 4180 certe
1399 4116 1647 4194 rectitudinem,
1677 4129 1711 4183 ct
1739 4120 1803 4181 iim
1834 4119 1900 4183 istu
1924 4117 2097 4183 efficiendi.
2143 4118 2192 4181 ld·

179 4198 384 4286 diligendum
405 4199 515 4265 Deum
537 4200 784 4283 superomnia,
812 4201 855 4265 ad
884 4198 1039 4266 iacienda
1065 4220 1161 4286 prae·
1211 4220 1277 4286 quo
1298 4188 1625 4284 testaturi‘scriptura
1645 4222 1720 4267 cum
1738 4204 1850 4288 inquit,
1869 4202 2033 4269 hominem
2051 4205 2094 4268 ad
2111 4204 2209 4267 ima·¹

180 4296 280 4371 cepta
301 4286 378 4365 Dei,
396 4308 462 4372 quo
485 4287 528 4352 ad
550 4287 771 4353 substantiam
793 4297 938 4366 actuum,
955 4284 1026 4351 Nec
1048 4288 1162 4352 vident
1182 4305 1189 4423 q
1212 4288 1321 4374 ginem
1344 4297 1378 4351 et
1405 4282 1648 4352 similitudinem
1675 4287 1739 4353 Dei
1766 4290 1934 4355 conditum
1959 4308 2045 4354 esse.
2091 4288 2191 4361 Quod

179 4390 219 4437 se
240 4374 422 4458 pugnantia
452 4374 574 4438 dicere.
617 4372 702 4437 Nam
730 4373 875 4458 proprijs
905 4372 1032 4437 viribus
1059 4391 1162 4456 posse
1212 4374 1290 4458 quid
1313 4383 1366 4438 est
1386 4369 1490 4451 aliud,
1513 4373 1578 4439 nisi
1600 4374 1633 4437 in
1655 4374 1789 4439 homine
1817 4373 1904 4440 hanc
1932 4376 2129 4460 sapientiam
2157 4385 2192 4440 et

180 4454 320 4608 diligero
341 4458 449 4549 Deum
471 4477 575 4543 super
596 4459 724 4535 omnia,
745 4457 860 4524 lacere
881 4467 1062 4543 praecepta
1082 4456 1160 4535 Dei,
1182 4441 1189 4565 l
1211 4460 1375 4524 iusticiam
1396 4456 1577 4545 effigiatam
1600 4479 1696 4538 esse,
1718 4481 1804 4545 quae
1825 4459 1934 4526 Deum
1962 4460 2191 4545 apprehende
2273 4452 2277 4477 '

293 4541 383 4608 aliud
411 4555 465 4608 est
496 4563 596 4628 quam
629 4544 756 4609 habere
795 4544 959 4610 iusticiam
999 4543 1161 4627 originis?
1210 4555 1273 4616 ret,
1296 4558 1329 4610 et
1350 4547 1384 4609 in
1406 4566 1472 4630 qua
1494 4544 1659 4612 reluceret
1680 4546 1786 4625 Dens,
1807 4544 1874 4611 hoc
1892 4561 1942 4611 est
1962 4546 2084 4610 homini
2103 4547 2192 4610 dona

203 4564 237 4609 ιιι

180 4564 279 4703 brou
302 4631 331 4694 si
353 4626 416 4694 has
438 4642 548 4694 tantas
568 4631 658 4695 uires
679 4628 782 4696 habet
802 4628 947 4695 humana
966 4640 1103 4710 natura,
1124 4640 1162 4694 vt
1210 4649 1290 4695 csse
1318 4631 1412 4709 datu,
1442 4632 1599 4696 noticiam
1632 4630 1711 4711 Dei,
1744 4633 1895 4697 timorem
1922 4632 2003 4708 Dei,
2036 4631 2191 4697 fiduciam

177 4734 240 4801 per
273 4733 352 4780 sese
383 4716 492 4799 possit
526 4712 665 4804 diligere
697 4712 807 4781 Deum
835 4735 937 4801 snper
964 4715 1091 4795 omnia,
1124 4728 1161 4780 vt
1211 4735 1295 4803 erga
1326 4715 1457 4796 Deum,
1492 4728 1525 4783 et
1555 4709 1712 4805 similia)
1737 4717 1796 4784 Sic
1820 4719 1905 4783 enim
1933 4720 2191 4802 interpretantur

179 4798 389 4865 confidenter
409 4798 577 4865 affirmant
603 4798 814 4881 scholastici,
843 4803 921 4889 quid
951 4802 1014 4867 erit
1039 4821 1160 4887 peccu-
1211 4800 1457 4869 similitudinem
1478 4802 1543 4868 Dei
1565 4804 1700 4868 ireneus
1727 4814 1761 4869 et
1788 4803 2007 4883 Ambrosius,
2035 4804 2191 4889 quicum

179 4894 250 4953 tum
283 4885 444 4972 originis?
497 4881 663 4960 Quorsum
697 4899 805 4954 autem
834 4908 921 4972 opus
952 4889 1016 4953 erit
1053 4890 1162 4975 gratia
1212 4886 1279 4955 alia
1305 4887 1408 4956 multe
1440 4889 1474 4954 in
1506 4887 1594 4955 hunc
1621 4891 1827 4955 sentenciam
1851 4891 1950 4968 dicit,
1977 4902 2046 4956 tum
2069 4890 2117 4954 ita
2144 4888 2191 4952 in·

182 4968 320 5051 christi,
342 4971 372 5036 si
393 4991 458 5039 nos
479 4991 659 5057 possumus
687 4974 759 5039 lieri
786 4975 880 5057 iusti,
908 4976 1044 5058 propria
1071 4974 1161 5040 iusti·

200 5246 230 5311 ι)
247 5246 452 5314 agnoscam]
469 5248 508 5299 aa
523 5246 605 5299 nuc.
627 5248 650 5297 1.
669 5249 694 5300 a.
712 5250 755 5313 a,
773 5247 824 5299 na.
841 5247 881 5301 a:
899 5250 1076 5314 maman
1185 5213 1191 5288 l
1231 5249 1261 5316 a)
1279 5247 1384 5318 euersa]
1403 5252 1441 5301 aa
1457 5249 1537 5301 nure.
1558 5249 1651 5316 1-a.;
1670 5249 1721 5302 nu
1742 5256 1781 5303 ιι
1799 5251 1898 5303 unum
