4786 6210
630 393 749 463 eura.
770 394 878 463 tran
899 347 1088 464 suarm
1108 392 1381 463 ooonnnos
1399 391 1458 461 ar
1478 393 1757 464 suasanus

184 399 254 469 663
2138 396 2210 466 iifl

275 585 344 654 Set
366 584 738 670 obijoiuntaduersarij,
759 584 1011 652 vindictamseu
1027 606 1170 672 poenam
1223 602 1300 650 cum
1329 591 1413 648 orat.
1458 580 1603 652 Domine
1627 603 1673 648 ne
1702 584 1736 647 in
1759 579 1874 650 furore
1905 594 1964 651 tuo
1992 604 2117 672 arguas
2140 604 2209 652 me.

186 673 416 741 necessariam
439 690 517 736 esse
533 672 576 735 ad
594 671 847 755 poenitenciam,
870 674 947 757 quie
957 673 1170 760 Augustinus
1222 668 1265 735 Et
1284 669 1441 735 forentius
1464 667 1547 754 Cap.
1573 693 1608 736 x.
1630 669 1771 755 Crrrripe
1798 691 1852 737 me
1877 668 2033 738 Domine.
2077 668 2211 738 Verun-

185 761 246 829 ait.
292 758 540 823 Poenitenciam
574 776 653 821 esse
675 757 853 822 vindictam
882 759 1070 843 punientem
1104 770 1170 823 etc.
1222 767 1332 821 tamen
1355 757 1387 820 in
1410 756 1543 834 indicio,
1566 775 1634 821 non
1657 758 1690 820 in
1711 756 1840 836 furore,
1864 777 1906 822 ne
1928 760 1971 822 ad
1995 754 2131 823 nihilum
2155 778 2210 824 re-

192 849 239 928 οἲ)
248 843 471 911 Concedimus
488 842 668 908 vindictam
685 862 746 907 seu
757 863 897 928 poenam
912 846 946 908 in
962 845 1171 928 poenitencia
1223 842 1319 926 digas
1341 861 1404 906 me.
1437 842 1501 909 llio
1518 862 1601 907 sane
1623 843 1665 907 de
1676 844 1903 908 acerbissimis
1913 843 2208 930 poenisloquitur.

189 931 423 1002 necessariam,
438 948 532 1007 esse,
559 949 628 993 non
656 939 812 1013 tanquam
839 931 987 995 meritum
1009 950 1072 996 seu
1097 949 1170 1015 pre·
1224 927 1266 992 Et
1294 925 1440 994 fatentur
1467 928 1653 1013 aduersarfj
1682 930 1921 995 contricionem
1950 949 2054 1015 posse
2081 941 2210 996 tantam

191 1020 280 1088 cium
309 1019 398 1083 sicut
428 1014 612 1099 aduersarij
646 1013 776 1102 fingunt
809 1014 1077 1096 satisfactiones,
1109 1015 1171 1081 sed
1222 1032 1318 1093 esse,
1345 1026 1476 1079 utnon
1504 1016 1694 1099 requiratur
1714 1012 1916 1081 satisfactio.
1963 1016 2083 1082 Verius
2108 1017 2211 1103 igitur

189 1106 338 1172 notiora
359 1100 543 1167 formaliter
563 1100 667 1165 estin
684 1100 903 1185 poenitencia,
926 1101 991 1167 hoo
1009 1113 1072 1181 est,
1094 1103 1172 1187 quia
1222 1101 1385 1166 contricio
1416 1118 1526 1184 poena
1553 1111 1622 1179 est,
1654 1122 1753 1186 quam
1782 1101 1982 1168 satisfactio.
2026 1104 2211 1168 Praeterea

191 1193 266 1275 ipsa
287 1188 496 1275 regeneratio
519 1185 556 1250 fit
578 1198 739 1270 perpetua
757 1188 1011 1254 mortificatione
1027 1200 1172 1254 vetusta·
1223 1187 1364 1251 subiecti
1389 1197 1468 1250 sunt
1488 1187 1598 1250 sancti
1621 1190 1718 1252 morti
1742 1200 1776 1254 et
1799 1189 1952 1253 omnihus
1976 1190 2209 1254 communibus
2239 1234 2246 1243 .

192 1279 248 1345 tis.
262 1279 307 1354 ⁶²)
342 1275 392 1341 Sit
413 1293 496 1339 sane
518 1270 606 1337 helle
628 1273 751 1338 dictum
773 1272 915 1339 aScoto
937 1276 1172 1358 poenitentiam
1223 1272 1479 1350 afflictionibus,
1510 1272 1598 1336 sicut
1629 1274 1675 1337 ait
1698 1271 1818 1339 Petrus
1843 1276 1870 1339 l.
1905 1275 1997 1339 Petri
2019 1276 2076 1362 iiij.
2120 1273 2209 1348 Quia

191 1361 357 1446 appellari
383 1359 480 1447 quasi
507 1379 636 1444 poenae
666 1359 862 1430 tenendam,
886 1364 931 1434 ⁶⁸)
943 1360 1012 1426 Sed
1039 1364 1081 1429 de
1108 1381 1173 1448 qua
1222 1370 1354 1443 tempus
1376 1371 1428 1423 cst
1447 1358 1596 1442 incipere
1617 1358 1771 1424 iudicium
1797 1381 1819 1426 a
1847 1361 1947 1426 domo
1969 1359 2045 1426 Dei.
2091 1359 2128 1425 Si
2149 1381 2210 1426 au·

191 1468 315 1535 poena.
343 1448 385 1514 de
407 1466 474 1532 qua
496 1444 642 1512 vindicta
663 1442 812 1530 loquitur
832 1445 1061 1532 Augustinus,
1082 1459 1173 1513 certe
1223 1456 1290 1509 tem
1310 1444 1451 1528 primum
1474 1463 1495 1507 a
1516 1444 1634 1522 nohis,
1667 1443 1776 1530 qualis
1800 1448 1863 1511 erit
1890 1447 1965 1511 linis
1985 1448 2128 1513 istorum
2150 1448 2209 1532 qui

193 1537 236 1601 do
256 1552 338 1600 vera
359 1552 487 1618 poena,
514 1533 557 1597 de
578 1551 660 1595 vera
687 1530 849 1612 vindicta,
877 1534 1008 1601 scilicet
1028 1536 1072 1600 de
1094 1554 1173 1600 oon·
1223 1550 1292 1595 non
1332 1530 1474 1596 credunt
1506 1528 1701 1615 Euangelio.
1752 1531 1795 1595 Et
1834 1546 1873 1597 vt
1907 1533 1971 1598 hae
2003 1531 2209 1597 afflictiones

191 1621 336 1698 tritioue,
358 1620 399 1682 de
421 1618 511 1684 veris
533 1615 729 1682 terroribus.
761 1617 878 1705 Neque
895 1620 951 1687 hic
967 1617 1173 1686 excludimus
1223 1613 1441 1765 pinorumque
1462 1615 1529 1678 sint
1550 1636 1682 1699 poenae
1703 1629 1931 1700 peccatorum,
1953 1630 2065 1685 tamen
2087 1619 2121 1682 in
2142 1618 2209 1704 pijs

191 1706 466 1772 mortificationes
493 1714 649 1769 externas
677 1707 848 1788 corporis,
876 1728 964 1794 quae
990 1717 1174 1792 sequuntur
1249 1703 1350 1767 abent
1372 1699 1472 1766 alium
1494 1699 1592 1765 finem
1616 1702 1789 1787 potiorem,
1811 1701 1953 1784 scilieet,
1977 1718 2014 1772 vt
2031 1716 2210 1770 exerceant

192 1811 293 1859 veros
315 1791 415 1855 animi
436 1787 583 1855 dolores.
595 1792 640 1871 ω)
682 1789 854 1878 Longe⁶⁴)
884 1804 997 1857 errant
1018 1794 1173 1857 aduersa·
1224 1807 1296 1860 eos,
1318 1798 1355 1852 vt
1375 1789 1462 1852 inter
1483 1789 1691 1854 tentaciones
1713 1791 1844 1856 discant
1866 1811 2027 1876 quaerere
2050 1790 2209 1855 auxilium

193 1878 252 1988 aij,
286 1879 316 1941 si
338 1877 449 1940 verius
478 1896 618 1958 poenam
645 1896 725 1942 esse
751 1879 897 1943 iudicant
925 1877 1172 1944 satisfactiones
1224 1870 1308 1951 Dei,
1336 1885 1526 1958 agnoscant
1551 1871 1772 1940 diffidenciam
1801 1878 1952 1943 cordium
1979 1897 2116 1944 suorum
2143 1888 2209 1979 etc.

194 1962 397 2042 beronices,
419 1982 518 2047 quam
539 1983 640 2028 veros
662 1974 810 2030 terrores
832 1967 867 2029 in
890 1967 1004 2031 corde.
1038 1964 1173 2030 Stultis-
1224 1959 1313 2023 siout
1334 1955 1459 2024 Paulus
1483 1959 1525 2024 de
1547 1977 1587 2023 se
1618 1963 1724 2046 inquit
1744 1962 1778 2047 ij.
1808 1961 1958 2029 Corinth.
1983 1964 2013 2028 l.
2054 1962 2124 2027 Sed
2144 1962 2212 2046 apsi

189 2051 310 2114 simum
336 2059 389 2114 cst
416 2068 536 2114 nomeu
564 2068 698 2132 poenae
730 2051 932 2136 detorquere
963 2051 1007 2115 ad
1039 2049 1172 2126 illas⁶⁵t
1225 2045 1258 2109 fn
1279 2046 1378 2111 nobis
1400 2045 1607 2110 sentenciam
1628 2049 1746 2111 mortis
1773 2048 1967 2129 habuimus,
1997 2069 2040 2114 ne
2062 2048 2212 2113 confide·

170 2131 329 2222 ‚frigidas
351 2131 611 2215 satisfactiones,
635 2153 703 2201 non
725 2134 853 2202 referre
873 2138 916 2202 ad
934 2133 1010 2200 illos
1032 2137 1172 2201 horribi·
1223 2150 1335 2195 remus
1356 2132 1579 2216 nobisipsis,
1602 2135 1663 2197 sed
1685 2132 1762 2197 Deo
1784 2136 1942 2200 excitanti
1964 2148 2125 2201 mortuos.
2168 2133 2212 2200 Et

188 2219 243 2287 les
275 2233 423 2287 terrores
456 2222 700 2299 conscientiae,
738 2223 781 2286 de
814 2224 935 2307 quibus
973 2223 1019 2287 ait
1050 2221 1170 2287 Dauid.
1222 2216 1343 2283 Esaias
1374 2219 1432 2282 nit.
1482 2219 1653 2302 Angustia
1686 2220 1719 2283 in
1740 2240 1813 2370 qua
1841 2219 2003 2303 clamant,
2034 2218 2211 2306 disciplina

189 2302 487 2378 Circumdederunt
515 2327 569 2372 me
590 2304 725 2372 dolores
746 2311 864 2374 mortis
887 2320 951 2373 etc.
996 2307 1079 2381 Quis
1103 2327 1171 2372 non
1223 2313 1280 2369 tua
1301 2314 1355 2369 est
1375 2303 1477 2387 ipsis.
1507 2301 1574 2368 hoc
1596 2316 1667 2384 est,
1696 2304 1739 2369 Al
1769 2308 1907 2372 ictiones
1930 2319 2010 2371 sunt
2031 2305 2210 2392 disciplina

189 2391 281 2460 malit
308 2391 468 2458 loricatus
501 2405 534 2459 et
562 2392 799 2476 cataphractus
826 2414 989 2480 quaerere
1014 2392 1172 2480 templum
1223 2410 1292 2474 qua
1311 2387 1407 2455 Deus
1429 2399 1564 2455 exercet
1585 2402 1734 2458 sanctos.
1769 2392 1862 2458 item.
1894 2389 2110 2459 Afflictiones
2132 2413 2210 2478 pro·

190 2476 323 2557 iacobi,
344 2476 524 2544 Basilicam
546 2477 654 2551 Petri,
677 2491 741 2544 etc.
754 2483 799 2558 οι)
832 2485 984 2566 quamv)
1005 2486 1172 2546 sustinere
1221 2487 1297 2560 pter
1317 2493 1482 2560 praesens
1504 2487 1675 2558 peccatum
1698 2476 1901 2564 infhguntur,
1922 2481 2002 2564 quia
2022 2481 2056 2544 in
2077 2480 2208 2544 sanctie

189 2561 282 2628 illam
308 2563 507 2629 ineffabilem
535 2566 602 2631 vim
629 2563 777 2646 doloris,
810 2585 897 2651 quae
929 2578 984 2633 est
1010 2569 1109 2633 etiam
1136 2567 1170 2631 in
1223 2561 1424 2627 mortificant
1444 2573 1478 2626 et
1497 2562 1693 2647 extirrguunt
1710 2566 2029 2648 concupiscentiam,
2049 2576 2087 2631 vt
2110 2583 2211 2666 reno-

190 2649 426 2730 mediocribus,
448 2650 478 2713 si
500 2651 545 2715 sit
566 2669 646 2716 vera
668 2653 889 2734 poenitencia.
1222 2648 1294 2713 uari
1322 2647 1442 2733 spiritu
1470 2648 1618 2731 possint,
1653 2650 1742 2714 sicat
1769 2652 1816 2715 ait
1839 2648 1963 2716 Paulus
1989 2649 2108 2717 Roma
2137 2651 2210 2736 viiJ.

276 2750 323 2816 At
344 2752 503 2838 inquiant,
526 2754 683 2818 conuenit
700 2754 850 2820 iusticias
870 2752 935 2821 Dei
957 2756 1074 2843 punire
1094 2774 1172 2840 pec·
1223 2733 1357 2818 ⁰⁰¹P¹¹⁸
1388 2745 1554 2799 miluum
1592 2745 1646 2800 ‘Sl
1677 2747 1815 2821 dmi)ter
1846 2749 2039 2820 P⁰⁰⁰⁸l¹¹¹¹¹s
2076 2738 2112 2802 ld
2143 2749 2211 2807 Μ»

190 2847 313 2903 catum.
347 2835 447 2903 Certe
467 2839 559 2923 punit
580 2839 614 2902 in
632 2841 843 2920 contritione,
866 2861 940 2908 cunr
960 2844 995 2908 fn
1016 2839 1084 2908 illis
1105 2853 1172 2909 ter·

189 2925 324 2991 roribus
345 2923 428 2989 iram
450 2944 545 2992 suam
567 2927 724 2992 ostendit.
760 2927 854 2995 Sicut
874 2929 1041 3016 significet
1061 2925 1172 2997 Dauid

89 3261 92 3265 '
190 3251 239 3320 it)
257 3251 433 3304 concedimus
450 3250 593 3302 vindictam
609 3265 656 3302 eeu
672 3266 785 3319 poenam
801 3280 836 3294 -
853 3282 885 3295 -
903 3282 938 3295 -
955 3263 1081 3322 perpetua
1101 3271 1172 3308 ator·

260 3321 403 3373 tificatione
420 3321 580 3388 vetustatis]
600 3321 682 3372 Edita.
700 3324 790 3375 ΗΛ
807 3323 882 3376 Siout
898 3326 961 3377 alibi
972 3328 1074 3392 quoties
1092 3341 1173 3392 opera

258 3392 466 3457 praecipiuntur,
490 3391 692 3457 interpretantur
715 3406 747 3441 ea
769 3393 911 3460 aduersarii
936 3395 1128 3446 satisfactiones
1147 3402 1173 3444 et

258 3461 464 3524 propiciationes
482 3474 552 3521 esse,
576 3460 615 3510 lta
636 3458 680 3510 hie
702 3463 764 3527 quia
780 3463 810 3511 fit
827 3479 928 3528 poenae
945 3467 1058 3527 mentio,
1084 3464 1171 3514 detor·

81 3522 91 3535 ‘
206 3542 208 3547 ·
259 3536 340 3592 quent
366 3543 423 3579 earn
448 3529 483 3578 ad
509 3528 728 3594 satisfactionem,
756 3533 916 3596 Augustinus
939 3548 993 3584 non
1017 3533 1068 3582 hoo
1091 3533 1173 3583 sensit

259 3599 378 3647 dolorem
394 3600 421 3647 in
440 3598 608 3663 poenitentia,
626 3600 743 3663 prauum
761 3615 818 3651 esse
836 3603 1030 3667 propterquod
1048 3603 1173 3653 debeatur

258 3668 379 3717 remissio
409 3677 588 3731 peccatorum,
614 3667 723 3720 Sciebat
747 3673 816 3720 enim
835 3676 918 3734 gratis
944 3672 1042 3721 remitti
1064 3679 1173 3736 peccata

259 3743 366 3801 propter
382 3734 529 3799 Christum,
553 3735 659 3791 Sciebat
681 3736 778 3788 Christi
805 3747 914 3790 mortem
937 3741 1093 3791 sacnficium
1116 3754 1173 3790 esse

260 3820 308 3870 pro
327 3805 562 3869 peccatisnostris.
599 3805 734 3871 Quidquid
752 3809 847 3871 igitur,
867 3809 900 3858 de
917 3811 1041 3874 uindicta,
1060 3812 1092 3860 de
1109 3823 1172 3874 poe·

258 3873 299 3923 ais
317 3875 421 3935 citatur,
439 3889 541 3940 semper
557 3877 596 3924 ita
613 3876 697 3940 accipi
716 3876 809 3939 debet,
826 3892 860 3926 ne
877 3880 1016 3942 gratuitam
1040 3880 1171 3931 remissio·

259 3957 318 3993 nem
343 3952 507 4007 peccatorum
533 3951 646 4006 euertat,
671 3959 705 3994 ne
729 3945 853 3996 obscuret
868 3949 989 3998 meritum
1007 3948 1122 4010 Christi,
1145 3953 1173 3996 et

259 4011 372 4061 abducat
397 4012 514 4063 homiues
541 4027 558 4061 a
583 4013 680 4062 fiducia
706 4013 819 4077 Christi,
846 4016 881 4066 ed
908 4017 1031 4066 fiduciam
1052 4031 1169 4082 operum.

261 4078 397 4130 Caeterum
424 4083 567 4131 uindictam
593 4083 759 4132 concedimus
786 4097 843 4134 esse
866 4086 894 4134 in
915 4087 1091 4150 poenitentis,
1117 4100 1171 4136 noa

260 4159 290 4198 ιιι
307 4151 430 4214 precium,
448 4151 494 4199 sed
511 4149 629 4200 uindicta
644 4150 788 4200 formaliter
806 4160 845 4201 est
861 4154 888 4202 in
905 4157 1085 4218 poenitentia,
1109 4156 1172 4221 quia

259 4219 317 4283 ipsa
342 4220 506 4281 regeneratio
532 4218 562 4267 tt
587 4227 712 4284 perpetus
734 4220 936 4273 mortificatione
964 4225 1101 4274 uetustatis
1123 4238 1170 4274 uo·

258 4296 337 4339 strae.
365 4286 432 4338 Sunt
449 4296 573 4349 terrores,
592 4295 652 4338 suut
669 4297 696 4337 et
712 4288 757 4352 aiij
776 4297 860 4340 motus
878 4294 922 4356 qui
933 4301 1041 4357 peccato
1054 4295 1171 4344 irascun-

259 4363 311 4418 tur,
330 4358 376 4406 sed
394 4356 434 4406 his
452 4372 506 4407 non
525 4356 632 4407 debetur
649 4359 776 4408 remissio.
811 4359 867 4409 Irno
884 4362 907 4412 ei
930 4360 996 4411 fides
1018 4377 1074 4414 uon
1095 4376 1171 4415 acce·

259 4426 342 4487 deret,
360 4425 388 4475 hi
406 4426 512 4474 dolores
529 4425 652 4476 afferrent
669 4433 776 4476 mortem
794 4436 936 4481 aeternam.

190 4509 238 4577 63)
256 4506 311 4561 Sed
330 4511 363 4559 de
381 4525 433 4576 qua
449 4525 536 4575 poena
552 4538 630 4549 --
648 4526 724 4561 veros
741 4514 820 4563 animi
839 4515 963 4582 dolores]
977 4515 1059 4569 Editt.
1078 4517 1170 4569 Ma

259 4579 338 4627 modo
357 4587 385 4628 ut
404 4594 489 4642 poena
505 4596 559 4630 non
577 4580 741 4645 intelligatur
759 4597 816 4631 esse
834 4586 962 4647 precium,
983 4601 1031 4649 pro
1055 4601 1107 4649 quo
1125 4587 1170 4635 de·

259 4646 351 4696 beatur
372 4650 499 4698 remissio.
538 4649 574 4697 Et
600 4649 761 4713 Augustinus
789 4666 843 4704 nou
872 4655 987 4719 loquitur
1013 4655 1045 4704 de
1069 4657 1171 4721 poeuis,

259 4730 324 4780 ques
350 4719 485 4767 remittunt
511 4718 615 4780 clauos,
640 4734 721 4783 quare
747 4734 801 4770 nou
826 4731 897 4773 recte
924 4723 1094 4789 detorquetur
1119 4723 1171 4773 hoo

261 4786 360 4834 dictum
378 4787 412 4837 ad
430 4787 631 4837 satisfactiones.
665 4788 708 4838 De
725 4790 793 4839 ueris
810 4794 915 4855 poenis,
933 4792 986 4843 hoc
1004 4801 1051 4856 est,
1069 4793 1103 4842 de
1119 4800 1171 4844 ter·

258 4855 500 4913 rothnacensis
524 4858 605 4907 animi
629 4856 763 4908 doloribus
785 4860 916 4924 loquitur,
938 4861 982 4926 qui
1005 4863 1120 4913 existunt
1142 4864 1171 4913 in

259 4925 432 4989 poenitentia.
459 4920 553 4990 Neque
571 4933 657 4977 amen
672 4927 833 4979 excludimus
852 4937 986 4980 externam
996 4933 1079 4982 carnis
1090 4946 1172 4984 nexa

261 4993 367 5055 tionem,
385 4992 448 5042 baec
467 4996 538 5044 enim
555 5008 634 5046 ueros
651 4998 731 5048 animi
749 4997 855 5049 dolores
872 4999 941 5050 ultro
959 5001 1083 5064 sequitur.

190 5076 240 5143 et)
257 5077 362 5143 Longe]
382 5078 464 5128 Editt.
483 5081 574 5130 2-4.:
592 5083 634 5133 Ac
650 5083 730 5145 longe

190 5163 239 5231 65)
257 5163 326 5230 illas]
344 5164 428 5215 Editt.
448 5166 538 5216 a-t.:
557 5165 605 5216 hes

191 5247 239 5315 66)
258 5247 318 5318 eta]
335 5251 362 5298 r’n
379 5251 460 5300 Edita
480 5251 557 5301 s-t.
575 5250 650 5303 deest.

190 5334 239 5400 tt)
256 5334 346 5403 quam]
362 5334 414 5387 Ed.
432 5337 458 5387 a.
481 5343 534 5405 typ.
552 5352 618 5390 erar
634 5351 712 5406 paam

1223 2817 1441 2885 mortificatur
1461 2830 1600 2903 propter
1619 2840 1782 2903 praesens
1800 2833 1973 2906 peccatum
1989 2822 2079 2908 quod
2096 2820 2211 2889 adhuc

1222 2905 1256 2971 iu
1279 2925 1382 2971 carne
1402 2902 1567 2991 reliquum
1590 2916 1653 2972 est.
1686 2907 1729 2972 Et
1750 2928 1842 2973 mors
1863 2909 1938 2994 ipsa
1953 2913 2057 2975 seruit
2070 2909 2114 2974 ad
2129 2908 2213 2989 hoe,

1223 3003 1260 3058 vt
1280 2988 1417 3056 aboleat
1441 2989 1531 3057 hano
1557 3011 1695 3058 carnem
1720 2995 1867 3079 peccati,
1902 3006 1938 3061 vt
1958 2998 2101 3081 prorsus
2128 2996 2213 3062 noui

1222 3095 1451 3163 resurgamus.
1495 3076 1614 3164 Neque
1641 3080 1767 3145 iamin
1793 3091 1901 3146 morte
1924 3082 2091 3148 credentis
2116 3092 2213 3165 post-

1224 3183 1324 3249 quam
1336 3162 1403 3228 fide
1423 3175 1574 3231 terrores
1595 3166 1711 3230 mortis
1732 3167 1826 3247 vicit,
1846 3164 1904 3232 ille
1924 3165 2065 3234 aculeus
2087 3180 2153 3247 est,
2177 3178 2213 3233 et

1224 3268 1348 3316 sensus
1369 3250 1455 3330 irae,
1477 3250 1520 3316 de
1542 3271 1608 3336 quo
1631 3252 1711 3317 dicit
1733 3250 1870 3319 Paulus.
1916 3252 2067 3320 Aculeus
2087 3255 2209 3320 mortis

1222 3346 1396 3420 peccatum
1420 3346 1485 3417 est,
1506 3335 1668 3402 Potencia
1690 3359 1772 3404 vero
1791 3342 1935 3443 peccati,
1957 3339 2025 3406 les.
2068 3335 2130 3404 llla
2150 3359 2213 3425 po·

1223 3423 1334 3488 tancia
1364 3422 1513 3507 peccati,
1545 3421 1603 3487 ille
1635 3443 1758 3489 sensus
1789 3445 1879 3503 rrae,
1911 3446 1993 3492 vere
2020 3436 2074 3490 est
2097 3445 2212 3510 poena

1224 3509 1333 3574 donec
1349 3510 1458 3587 adest,
1479 3529 1572 3574 mors
1589 3510 1662 3573 sine
1680 3508 1740 3575 illo
1758 3529 1861 3577 sensu
1881 3513 1963 3591 irae,
1985 3512 2121 3598 proprie
2138 3532 2210 3578 nort

1223 3604 1276 3659 est
1308 3613 1429 3678 poena.
1478 3594 1586 3659 Porro
1626 3592 1875 3663 satisfactiones
1909 3597 2102 3664 canonicae
2137 3618 2210 3664 non

1222 3681 1390 3766 pertinent
1415 3680 1459 3744 ad
1488 3679 1551 3745 has
1577 3701 1723 3763 poenas,
1756 3685 1834 3769 quis
1864 3683 2048 3768 aduersarij
2077 3685 2212 3765 dicunt,

1268 3775 1389 3830 testate
1412 3762 1554 3832 cleuium
1565 3770 1685 3833 remitti
1703 3767 1847 3855 aliquam
1865 3784 1994 3856 partem
2011 3789 2209 3854 poenarum.

1239 3863 1303 3916 tern
1331 3850 1449 3917 claues
1480 3853 1574 3917 iuxta
1601 3855 1697 3938 ipsos
1731 3856 1923 3921 condonant
1956 3853 2210 3922 satisfactiones

1222 3946 1257 4002 et
1277 3956 1424 4021 poenes,
1459 3958 1598 4024 quarum
1626 3960 1731 4005 causa
1750 3941 1846 4006 fiunt·
1854 3940 2118 4009 satisfactiones.
2162 3942 2212 4007 At

1223 4034 1356 4089 constat
1376 4021 1453 4088 illas
1475 4022 1677 4091 afflictiones
1701 4047 1893 4093 communes
1922 4049 1990 4094 non
2013 4026 2085 4092 tolli
2113 4039 2211 4111 pote·

1222 4120 1311 4175 state
1334 4107 1487 4176 clunium.
1525 4110 1619 4176 Etsi
1642 4113 1684 4178 de
1705 4113 1759 4178 his
1777 4116 1894 4198 poenis
1913 4112 2032 4181 volunt
2056 4110 2212 4219 intelligi,

1245 4214 1326 4260 aare
1354 4197 1480 4262 addunt
1512 4198 1601 4282 quod
1633 4198 1669 4264 fn
1701 4202 1893 4286 purgatorio
1927 4211 2083 4286 oporteat
2108 4211 2211 4266 sette-

1256 4300 1345 4347 cere.

1234 4558 1236 4563 '
1294 4553 1356 4622 [Hic
1372 4555 1449 4618 foere,
1466 4557 1511 4624 qai
1526 4572 1604 4624 supro
1616 4574 1646 4626 p.
1664 4559 1725 4612 666.
1750 4558 1794 4610 lin.
1819 4558 1861 4610 ss.
1885 4559 1985 4611 orditur
2008 4578 2025 4611 a
2046 4558 2144 4612 oetier
2168 4562 2210 4612 At

1223 4624 1353 4689 inquiunt,
1372 4628 1496 4676 conuenit
1512 4627 1630 4679 iusticias
1646 4628 1712 4689 Dei,
1737 4635 1761 4681 et
1778 4627 1818 4680 lic
1834 4629 1927 4697 finitur
1938 4626 2038 4680 aaut:
2059 4632 2086 4681 in
2110 4645 2209 4696 purga·

1224 4695 1293 4744 torio
1312 4702 1434 4760 oporteat
1450 4696 1610 4749 satisfacere.
1629 4699 1657 4748 in
1672 4696 1753 4750 adin
1774 4700 1852 4751 2-4.
1870 4701 1908 4751 tic
1924 4704 2078 4752 retractatae
2095 4705 2148 4751 eata

1290 4864 1329 4914 At
1344 4865 1476 4930 inquiunt,
1494 4869 1620 4918 conuenit
1636 4868 1755 4919 iusticias
1777 4867 1830 4919 Dei
1852 4869 1945 4936 punire
1966 4877 2112 4935 peccatum.
2147 4870 2208 4922 Pri·

1220 4948 1291 4984 mum
1319 4937 1389 4999 quod
1416 4937 1562 5000 disputant,
1588 4939 1659 5002 quod
1688 4939 1828 4988 conueniat
1850 4940 1941 5003 punire
1966 4948 2117 5005 peccatum,
2140 4941 2208 4990 aetla

1222 5003 1364 5054 ostendunt
1391 5019 1421 5054 se
1447 5014 1613 5055 contemnere
1642 5006 1740 5059 Christi
1768 5007 1932 5058 beneficium.
1967 5007 2110 5059 Constituit
2131 5008 2208 5059 Deua

1221 5073 1337 5137 precium
1355 5088 1402 5138 pro
1420 5076 1517 5125 nostris
1536 5077 1663 5140 peccatis,
1687 5091 1741 5128 uon
1764 5086 1868 5127 nostru
1885 5091 1998 5144 poenas,
2020 5092 2073 5128 uon
2097 5086 2207 5128 nostrae

1221 5138 1427 5205 subiectiones,
1444 5143 1492 5192 aad
1513 5153 1621 5194 mortem
1645 5145 1691 5212 ntij
1715 5147 1764 5196 sui.
1801 5144 1875 5206 Quae
1899 5147 2005 5197 andem
2027 5147 2130 5198 insania
2154 5153 2206 5210 eet,

1221 5210 1351 5276 praeferre
1368 5219 1472 5261 nostras
1488 5212 1692 5276 satisfactiones,
1709 5214 1882 5266 satisfactioni
1901 5215 2018 5267 christi?
2051 5212 2158 5267 Deinde
2175 5222 2209 5265 at

1221 5281 1334 5329 muime
1350 5280 1441 5344 puniat
1457 5280 1544 5343 Deus,
1561 5289 1648 5333 tamen
1666 5285 1834 5335 senciendum
1851 5292 1891 5335 est
1906 5287 2086 5336 remissionem
2110 5298 2208 5348 pecea-

1221 5354 1309 5399 torum
1324 5362 1380 5399 uon
1396 5349 1487 5401 deberi
1502 5359 1610 5418 propter
1625 5353 1698 5406 illam
1713 5367 1842 5420 poenam,
1859 5361 1887 5405 et
1901 5368 1937 5406 ue
1957 5355 2055 5407 iniuria
2071 5352 2207 5407 aarum
