4756 6194
175 312 246 386 eto
526 316 571 384 ll.
614 315 848 386 Aromata
867 314 1189 391 CONFESSlOMS
1210 316 1532 388 nummarias.
1574 318 1616 388 ll.
1659 319 1852 390 ALTERA.
2130 324 2199 394 ou

179 508 343 576 debemus
381 508 574 595 approbare
605 508 766 574 acalciam
798 507 957 590 istorum,
991 511 1048 600 qul
1074 510 1164 576 hanc
1213 506 1388 575 iustilicmi
1408 508 1492 587 lide,
1521 529 1598 577 cum
1620 511 1762 578 credunt
1787 531 1828 577 se
1847 511 1974 580 hahere
1994 510 2105 580 Deum
2126 512 2199 599 plo·

178 597 366 662 doctrinam
383 606 641 679 persequuntur.
675 593 718 658 Et
729 592 915 660 Ecclesiam
938 617 1018 663 esse
1038 594 1163 664 seimus
1216 608 1344 674 catum,
1370 615 1439 660 non
1458 609 1597 681 propter
1617 610 1734 663 nostra
1756 618 1877 683 opera,
1904 601 1967 665 sed
1994 602 2100 686 gratia
2122 622 2199 686 pro-

178 684 268 769 apud
290 680 375 759 hos,
404 682 460 766 qui
482 683 620 746 verbum
643 678 709 745 Dei
731 693 825 745 recte
847 681 987 764 docent,
1016 697 1048 750 et
1070 697 1163 750 recto
1214 693 1290 765 pter
1311 679 1490 747 Christum.
1534 682 1632 749 Hane
1654 696 1782 750 certum
1804 695 1857 749 est
1878 683 1972 751 Euan
1998 683 2054 771 ellj
2078 688 2198 753 doctri·

178 769 411 836 administrant
432 779 660 845 sacramenta,
693 787 761 831 non
784 768 871 852 apud
894 765 990 852 illos,
1012 771 1068 856 qul
1089 790 1163 836 ver·
1215 788 1291 832 nam
1325 786 1421 846 esse,
1454 768 1531 853 quia
1561 767 1687 835 Paulus
1722 768 1815 835 clare
1842 770 1922 854 dicit
1948 707 1997 838 ah
2015 772 2138 856 Ephes.
2160 773 2197 859 ij.

178 856 258 922 burn
280 851 345 918 Dei
368 874 435 918 non
464 851 572 918 solum
596 853 714 918 edictis
743 851 856 918 delere
885 867 1068 936 conantur,
1099 855 1163 921 sed
1216 853 1332 918 Gratis
1354 853 1476 919 salusti
1499 854 1581 919 estis
1610 875 1671 938 per
1700 855 1816 934 fidem,
1841 866 1874 920 et
1895 858 1962 924 hoo
1983 879 2051 927 non
2075 878 2118 923 ax
2141 880 2198 924 vo·

177 942 280 1007 etiam
310 951 403 1003 recta
431 950 464 1003 et
484 959 566 1004 vera
588 941 749 1004 docentes
772 941 939 1005 trucidant
960 963 1042 1029 erga
1063 962 1163 1028 quos,
1216 940 1282 1016 bis,
1304 938 1369 1005 Dei
1392 943 1515 1005 donum
1533 950 1597 1023 est,
1619 960 1689 1005 non
1710 962 1752 1006 ex
1773 940 1974 1010 hominibus.
2021 945 2120 1010 Nunc
2140 945 2198 1011 isti

181 1028 279 1093 etiam
308 1025 418 1110 siquid
452 1038 569 1089 contra
598 1026 754 1091 Canones
781 1022 922 1110 sactum,
956 1041 1065 1092 tamen
1098 1029 1162 1112 ipsi
1216 1027 1330 1091 dicunt
1352 1027 1536 1111 promereri
1558 1025 1710 1092 homines
1732 1028 1961 1095 remissioncm
1982 1042 2198 1115 peccatorum

180 1111 340 1178 Canones
360 1112 514 1175 miciores
537 1124 626 1176 suot.
662 1113 770 1176 l'orro
792 1110 847 1178 hic
869 1116 987 1179 iterum
1006 1112 1163 1180 volumus
1214 1131 1275 1197 per
1306 1110 1370 1176 has
1404 1113 1659 1178 obseruationes
1692 1113 1866 1179 humanas.
1923 1115 2011 1189 Quid
2043 1118 2111 1182 hoc
2143 1127 2198 1183 est

178 1209 355 1275 testatum,
388 1216 451 1260 nos
479 1195 621 1263 libenter
647 1210 911 1264 consematuros
939 1221 1017 1267 esse
1044 1198 1163 1266 Eccle·
1214 1196 1305 1263 aliud
1329 1218 1427 1283 quam
1450 1211 1583 1282 praeter
1606 1197 1788 1275 Christum,
1810 1199 1912 1265 alium
1934 1201 2197 1282 iustificatorem‚

179 1287 350 1350 siasticam
373 1296 406 1347 et
423 1281 625 1347 Canopicum
650 1282 809 1366 politiam,
831 1286 861 1349 si
882 1290 983 1353 modo
1004 1286 1162 1373 Episcopi
1213 1281 1316 1349 alium
1345 1285 1557 1350 mediatorem
1587 1285 1814 1352 constituere?
1863 1284 1989 1352 Paulus
2016 1290 2121 1374 inquit
2153 1289 2198 1354 ad

179 1371 334 1435 desinant
356 1369 545 1453 innostras
570 1365 741 1435 Ecclesias
763 1371 884 1437 seuire.
929 1372 1022 1438 llaec
1044 1384 1162 1436 nostra
1214 1367 1364 1434 Galatas.
1407 1368 1571 1436 Euacuati
1592 1372 1673 1436 estis
1695 1393 1717 1438 a
1739 1370 1888 1452 Christo,
1909 1373 1966 1458 qui
1983 1373 2061 1460 lege
2081 1375 2197 1440 iustili-

178 1455 338 1523 volurrtas
361 1466 393 1519 et
415 1475 528 1519 coram
551 1453 637 1532 Deo,
660 1469 693 1519 et
715 1457 804 1540 apud
827 1478 944 1524 onroes
967 1470 1098 1546 gentes,
1118 1459 1161 1525 ad
1215 1456 1347 1533 camini,
1369 1456 1403 1520 id
1425 1468 1490 1536 est,
1512 1458 1550 1524 Si
1572 1457 1701 1522 sentitis
1729 1479 1794 1523 vos
1816 1460 1938 1523 mereri
1959 1461 2198 1527 obseruatione

181 1560 311 1607 omnem
331 1544 559 1625 posteritatem
583 1545 756 1607 excusabit
777 1562 854 1623 uos,
876 1566 920 1610 ne
942 1546 1040 1610 nobis
1058 1546 1162 1629 impu·
1213 1539 1313 1627 legis,
1336 1552 1373 1607 vt
1390 1543 1468 1606 iusti
1491 1542 1692 1609 coramDeo
1715 1545 1923 1629 reputemini,
1945 1544 2027 1610 nihil
2049 1546 2198 1630 proderit

178 1628 245 1693 tari
267 1627 390 1710 possit,
420 1629 510 1713 quod
531 1627 773 1711 Episcopomm
795 1633 959 1697 autoritas
981 1628 1162 1697 labefacta·
1213 1630 1313 1694 vobis
1347 1625 1521 1710 Christus,
1555 1631 1632 1715 quia
1665 1649 1827 1713 quorsum
1860 1650 1945 1716 opus
1978 1643 2032 1696 est
2061 1630 2197 1696 Christo

179 1725 251 1791 tur,
283 1714 339 1778 vbi
359 1709 501 1797 legerint
521 1726 623 1798 atque
644 1716 809 1780 audierint
831 1716 1000 1798 homines,
1028 1737 1092 1783 nos
1114 1718 1162 1781 in·
1213 1714 1300 1791 istis,
1322 1714 1377 1800 qui
1398 1716 1547 1780 sentiunt
1568 1734 1607 1779 se
1626 1716 1736 1780 iustos
1758 1735 1939 1795 esse,·sua
1960 1719 2197 1783 obseruatione

178 1801 298 1866 iustam
337 1802 493 1865 seuiciam
528 1799 769 1885 Episcoporarn
808 1803 1046 1889 deprecantes,
1079 1799 1162 1869 nihil
1212 1794 1321 1886 legis?
1381 1798 1477 1866 Deus
1509 1801 1685 1887 proposuit
1716 1799 1904 1881 Christum,
1938 1806 2029 1889 quod
2060 1814 2197 1888 propter

180 1885 281 1972 aequi
302 1885 481 1970 impetrare
504 1887 666 1970 potuisse.
1212 1884 1304 1952 hunc
1325 1887 1550 1966 mediatorem,
1569 1907 1637 1952 non
1660 1899 1797 1973 propter
1818 1897 1953 1954 nostras
1971 1890 2121 1959 iusticias
2139 1909 2196 1955 ve·

1214 1970 1253 2037 lit
1284 1973 1383 2038 nobis
1407 1993 1496 2038 -essc
1523 1974 1706 2059 propicius.
1751 1975 1798 2040 At
1826 1975 1882 2038 isti
1909 1976 2055 2041 sentiunt
2087 1973 2198 2042 Deum

1213 2077 1294 2122 essa
1314 2056 1496 2144 placatum,
1517 2060 1700 2146 propicium
1711 2070 1850 2147 propter
1862 2061 2057 2126 traditiones
2079 2072 2113 2126 et
2128 2080 2197 2125 nou

234 2142 299 2208 DE
339 2140 744 2207 TRADlTlONlBVS
787 2144 1015 2210 llVllANlS
1059 2144 1109 2207 ΙΝ
1213 2155 1352 2230 propter
1379 2143 1560 2210 Christum.
1605 2145 1765 2211 Adimuut
1790 2147 1894 2233 igitur
1922 2145 2056 2211 Christo
2088 2145 2198 2211 hono·

540 2226 808 2296 accessis.
1214 2249 1284 2294 rem
1305 2231 1510 2297 mediatoris.
1554 2230 1627 2296 Neo
1653 2232 1793 2297 interest
1822 2233 1908 2297 inter
1938 2243 2075 2297 nostras
2096 2232 2198 2298 tradi·

1213 2316 1323 2381 tiones
1345 2329 1378 2381 et
1397 2315 1567 2382 blosaieas
1591 2318 1815 2394 ceremonias,
1842 2319 1933 2404 quod
1951 2320 1994 2384 ad
2016 2318 2197 2385 honorem

268 2400 304 2467 ln
326 2399 479 2467 Articulo
500 2399 575 2466 XV.
604 2404 769 2487 recipiunt
800 2404 939 2490 primam
962 2413 1107 2487 partem,
1128 2404 1163 2469 in
1213 2403 1340 2467 attinet.
1385 2398 1512 2467 Paulus
1533 2403 1610 2468 ideo
1631 2404 1767 2467 damnat
1788 2402 1958 2469 lllosaicas
1977 2404 2197 2484 ceremoniae,

179 2506 247 2574 qua
270 2488 409 2553 dicimus
431 2490 664 2554 obseruandos
687 2510 765 2556 essa
786 2494 872 2556 ritus
891 2489 1163 2576 Ecclesiasticos,
1214 2489 1303 2554 sicut
1326 2489 1524 2553 traditiones
1547 2489 1700 2568 damnat,
1722 2489 1800 2574 quia
1822 2490 2097 2557 existimabantur
2118 2508 2198 2556 esse

177 2577 237 2727 aul
260 2575 334 2640 sine
354 2586 497 2658 peccato
520 2577 694 2641 obseruari
716 2588 872 2664 possunt,
894 2578 928 2641 et
949 2578 993 2642 ad
1005 2574 1163 2662 tranquil·
1213 2593 1317 2660 opera
1339 2596 1425 2659 quae
1445 2584 1652 2640 mererentur
1685 2575 1851 2640 iusticiam
1873 2596 1986 2641 coram
2014 2575 2103 2642 Deo.
2147 2577 2197 2641 lta

204 2672 307 2727 tatem
340 2671 374 2725 et
407 2661 531 2725 bonum
566 2663 714 2729 ordinem
749 2666 784 2740 in
816 2660 971 2729 Ecclesia
1010 2673 1162 2747 prosunt.
1213 2662 1461 2726 obscurabatur
1471 2656 1619 2725 ollicium
1630 2658 1755 2725 Christi
1768 2673 1802 2724 et
1818 2662 1950 2728 iusticia
1960 2662 2047 2728 fidei.
2083 2661 2198 2735 Quam

178 2745 330 2816 Alteram
351 2757 481 2829 partem
509 2751 644 2813 omnino
666 2750 840 2830 damnant,
873 2751 907 2814 in
931 2770 997 2834 qna
1018 2749 1159 2815 dicimus
1214 2758 1343 2811 remota
1366 2745 1454 2833 lege,
1476 2748 1613 2811 remotis
1632 2747 1876 2825 traditionibus,
1900 2748 2082 2827 contendit,
2104 2748 2197 2835 quad

148 2835 152 2845 ’
179 2836 377 2900 traditiones
399 2830 563 2899 humanas
585 2837 752 2902 institutas
774 2836 816 2901 ad
830 2833 1027 2922 placandum
1040 2834 1161 2914 Deum,
1213 2853 1281 2897 non
1304 2844 1442 2916 propter
1462 2832 1529 2898 ista
1551 2852 1667 2917 opera,
1688 2833 1750 2898 scd
1771 2845 1911 2918 propter
1930 2832 2097 2899 Christum
2119 2854 2197 2919 gra·

179 2921 223 2985 ad
256 2919 510 3005 promerendam
571 2923 704 3001 ratiam,
738 2933 772 2988 et
803 2921 1076 2988 satisfaciendum
1098 2943 1161 3007 pro
1212 2920 1255 2983 tis
1269 2920 1435 3002 promissa
1457 2920 1501 2982 sit
1521 2918 1676 2983 remissio
1697 2930 1925 3003 peccatorum,
1946 2920 2046 2986 modo
2069 2928 2107 2984 vt
2128 2916 2197 2985 fide

177 3006 329 3093 peccatis
355 3004 528 3069 aduersari
581 3006 747 3092 uangelio.
792 3007 989 3093 Quanquam
1021 3008 1056 3072 in
1088 3010 1162 3090 ipsa
1212 3005 1417 3090 accipiamus
1449 3024 1532 3069 eam.
1593 3002 1681 3069 Nam
1712 3005 1890 3089 promissio
1922 3024 1990 3070 nou
2023 3003 2197 3089 accipitur,

180 3089 396 3157 consessione
427 3091 469 3155 de
509 3092 700 3160 discrimine
738 3093 908 3173 ciborum,
941 3094 1024 3157 satis
1057 3090 1163 3159 multa
1212 3091 1276 3154 nisi
1299 3089 1379 3157 lida.
1419 3088 1504 3156 Cum
1527 3090 1629 3176 igitur
1650 3090 1717 3155 lida
1737 3091 1943 3175 accipiamus
1963 3091 2195 3156 remissionem

180 3179 322 3245 diximus
346 3178 387 3241 de
411 3177 664 3257 traditionibus,
690 3191 800 3244 mutan
823 3177 878 3244 hic
900 3176 1064 3265 quaedam
1085 3182 1162 3245 hre-
1209 3185 1446 3262 pcccatorum,
1476 3196 1551 3241 cum
1572 3174 1640 3241 fide
1661 3176 1845 3242 habeamus
1866 3175 2052 3261 propicium
2074 3174 2197 3256 Deum,

177 3265 266 3331 uiter
286 3262 468 3346 repetenda
489 3275 578 3329 sunt.
611 3264 718 3330 Etiam
736 3267 765 3330 si
777 3267 1082 3343 arbitrabamur⁸⁰)
1104 3264 1162 3330 ad·
1210 3272 1347 3348 propter
1359 3259 1541 3341 Christum,
1563 3280 1659 3327 error
1680 3273 1714 3328 et
1733 3263 1885 3347 impietas
1909 3274 1963 3329 est
1980 3263 2196 3341 constituere,

178 3350 363 3426 uersarios,
387 3367 430 3413 ex
451 3346 529 3434 alijs
552 3353 667 3416 causis
695 3352 894 3418 defensuros
917 3371 995 3417 esse
1016 3353 1162 3417 traditio·
1211 3349 1303 3434 quod
1324 3367 1384 3433 per
1404 3347 1468 3414 has
1489 3349 1746 3414 obseruationes
1767 3368 1953 3414 mereamur
1963 3349 2195 3414 remissionom

177 3455 241 3503 nes
263 3434 445 3513 humanas,
470 3447 580 3501 tamen
606 3437 673 3502 hoo
699 3457 766 3503 non
788 3439 977 3519 putauimus
1003 3433 1161 3517 futurum,
1211 3445 1439 3522 peccatorum.
1484 3435 1597 3521 Siquis
1625 3433 1681 3500 hio
1710 3436 1799 3501 dicet
1825 3455 1893 3500 non
1916 3435 2036 3500 mereri
2056 3453 2122 3500 nos
2142 3453 2195 3519 re·

178 3533 216 3588 vt
237 3523 328 3586 hunc
349 3518 523 3586 articulum
546 3525 760 3601 damnarent,
782 3524 860 3589 Non
882 3525 1001 3590 mereri
1024 3545 1088 3588 nos
1109 3544 1161 3588 re·
1212 3520 1404 3586 missionem
1415 3530 1638 3606 peecatorum,
1659 3521 1721 3585 sed
1742 3523 1808 3586 iam
1829 3518 2039 3599 iustificatos,
2059 3518 2195 3606 per-has

178 3610 374 3675 missionem
402 3622 635 3692 peccatorum,
661 3621 719 3674 aut
742 3610 902 3695 gratiam,
924 3611 1162 3676 obseruatione
1213 3607 1408 3671 traditiones
1441 3608 1559 3671 mereri
1588 3608 1740 3692 gratiam.
1790 3605 1853 3671 llic
1885 3607 2005 3672 iterum
2033 3603 2193 3672 reclamat

178 3695 392 3761 traditionum
414 3692 641 3760 humanarum.
680 3695 863 3781 Postquam
882 3696 984 3782 igitur
1005 3697 1060 3763 hic
1082 3698 1162 3762 arti·
1212 3689 1355 3770 Paulus,
1385 3690 1556 3757 Christum
1577 3693 1707 3775 peccati
1734 3692 1920 3757 ministrum
1942 3690 2028 3770 sore,
2061 3692 2195 3776 sipost

178 3778 277 3847 curlus
299 3781 474 3843 damnatus
496 3792 559 3858 cst,
582 3778 714 3846 facilem
736 3793 770 3845 et
790 3779 922 3865 planam
945 3802 1082 3848 causam
1104 3782 1162 3847 ha·
1212 3776 1479 3843 iustificationem
1512 3778 1721 3842 sentiendum
1753 3778 1816 3857 sit,
1850 3778 1942 3863 quod
1975 3779 2094 3844 deinde
2124 3798 2194 3844 noa

178 3866 311 3933 heatus.
353 3866 451 3932 Nunc
478 3878 592 3953 aperte
622 3868 792 3931 ludaizant
814 3868 1018 3949 aduersarij,
1048 3888 1067 3932 a
1092 3881 1163 3933 erte
1214 3874 1351 3949 propter
1374 3862 1544 3928 Christum
1565 3863 1644 3927 iusti
1666 3874 1867 3948 reputemur,
1890 3865 1952 3927 sed
1973 3865 2192 3948 primuurme·

179 3952 326 4019 obruunt
347 3950 566 4039 Euangelium
588 3954 748 4019 doctrinis
767 3952 1024 4017 daemoniorum.
1068 3890 1163 4018 lunc
1212 3951 1280 4014 reri
1302 3949 1484 4015 debeamus
1505 3948 1674 4035 paralius
1696 3951 1965 4029 obseruationes,
1984 3962 2021 4014 vt
2041 3950 2118 4016 insti
2140 3970 2192 4017 re·

181 4039 270 4105 enim
290 4040 457 4123 scriptura
479 4048 581 4105 vocat
602 4039 815 4117 traditiones,
841 4039 1011 4102 doctrinas
1033 4039 1162 4103 daemo·
1186 4090 1188 4100 ,
1212 4048 1375 4119 putemur.
1418 4036 1515 4116 ltem,
1543 4033 1685 4102 hominis
1703 4047 1903 4102 testamento
1929 4031 2012 4100 nihil
2035 4036 2113 4101 addi
2135 4036 2192 4102 de·

179 4124 323 4203 nicrum,
344 4125 479 4210 quando
502 4127 656 4204 docetur,
679 4125 767 4209 quod
790 4126 856 4188 sint
876 4123 985 4189 cultus
997 4122 1096 4189 utiles
1118 4126 1161 4189 ad
1213 4122 1280 4185 bet.
1324 4120 1416 4207 Ergo
1433 4142 1499 4187 nec
1519 4122 1584 4188 Del
1605 4132 1820 4201 testamento,
1842 4123 1897 4207 qui
1920 4122 2080 4206 promittit
2101 4122 2190 4208 quod

161 4218 170 4230 '
201 4212 433 4277 remerendam
461 4211 691 4276 remissionem
713 4224 926 4295 peccatorum
948 4223 981 4275 et
1009 4213 1161 4298 gratiam.
1211 4218 1350 4291 propter
1372 4208 1543 4275 Christum
1570 4208 1740 4294 propicius
1768 4210 1866 4273 uobis
1889 4226 1968 4272 esse
1991 4204 2086 4285 vellt,
2113 4207 2192 4273 addi

175 4230 274 4363 Curre
296 4298 383 4361 enim
406 4298 590 4363 obscurant
606 4296 839 4384 Euangelium,
862 4296 1161 4362 beneficiumChri-
1212 4294 1322 4371 debet,
1344 4295 1434 4379 quod
1457 4295 1596 4379 primum
1624 4314 1685 4377 per
1712 4291 1774 4357 has
1797 4294 2051 4359 obseruationes
2074 4292 2192 4359 debea-

171 4383 235 4463 -sti,
255 4394 290 4448 et
311 4383 475 4449 iusticiam
498 4384 586 4448 lidei.
630 4381 852 4469 Euangelium
882 4385 981 4449 docet
1009 4404 1073 4448 nos
1096 4383 1162 4448 lide
1211 4399 1285 4444 mus
1304 4383 1436 4460 irrercri,
1458 4393 1494 4444 vt
1515 4381 1646 4465 accepti
1669 4391 1702 4444 et
1723 4380 1801 4445 iusti
1824 4390 2025 4465 reputemur.

176 4479 317 4557 propter
335 4469 505 4534 Christum
529 4471 635 4556 gratis
659 4472 814 4555 accipere
834 4473 1064 4534 remissionem
1085 4490 1161 4554 pec·
1298 4465 1495 4552 Quanquam
1523 4466 1602 4552 quid
1628 4483 1714 4551 opus
1743 4477 1796 4530 est
1822 4462 1925 4550 longa
1950 4463 2191 4549 disputacione.
2285 4504 2289 4513 ι

178 4569 332 4621 catorum
362 4568 397 4620 et
428 4554 638 4620 reconciliari
667 4554 753 4621 Deo.
810 4556 1007 4639 Aduersarij
1042 4569 1161 4621 contra
1210 4549 1311 4618 Nulla
1333 4554 1465 4618 traditio
1492 4572 1514 4617 a
1542 4553 1669 4616 sanctis
1691 4549 1847 4617 Patribus
1875 4552 1942 4615 hoc
1971 4547 2113 4616 consilio
2142 4551 2191 4614 in·

177 4638 280 4709 elium
300 4643 516 4707 mediatorem
539 4644 755 4716 constituunt,
777 4639 906 4706 scilicet
927 4642 991 4707 has
1014 4643 1160 4706 traditio·
1211 4641 1328 4704 stituta
1359 4650 1429 4716 est,
1463 4648 1500 4703 vt
1526 4649 1694 4703 mereatur
1718 4639 1947 4702 remissionem
1975 4646 2191 4720 peecatorum

176 4746 252 4794 nes.
307 4727 450 4814 Propter
483 4728 546 4795 has
579 4727 696 4795 volunt
735 4730 896 4814 consequi
930 4730 1160 4793 remissionem
1210 4735 1270 4790 aut
1298 4725 1480 4801 iusticiam,
1512 4725 1575 4788 sed
1603 4733 1681 4788 sunt
1709 4723 1877 4788 institutae
1902 4734 2040 4806 propter
2067 4723 2191 4788 bouum

242 4824 413 4892 catorum,
435 4834 495 4897 per
516 4815 579 4880 has
597 4812 715 4880 volunt
732 4813 869 4898 placare
891 4815 974 4879 iram
997 4814 1071 4880 Dei.
1116 4815 1161 4878 At
1211 4812 1360 4876 ordinem
1382 4812 1416 4873 in
1436 4806 1609 4878 Ecclesia,
1632 4820 1665 4873 et
1687 4825 1825 4892 propter
1846 4804 2126 4892 tranquillitatem,
2147 4806 2190 4872 Et

194 4899 335 4968 'hristus
355 4913 471 4987 aperte
492 4902 581 4967 dicit.
624 4901 764 4966 Frustra
785 4900 902 4965 colunt
924 4922 977 4966 me
993 4900 1159 4965 mandatis
1211 4907 1249 4964 vt
1271 4892 1350 4961 velit
1371 4894 1493 4981 aliquis
1514 4895 1687 4960 instituere
1709 4905 1803 4959 certa
1824 4913 1929 4979 opera
1946 4894 2190 4978 adpromcren·

176 4982 357 5054 hominum.
413 4987 524 5074 Supra
556 4988 695 5073 copiose
727 4987 968 5073 disputauimus
1007 4987 1160 5053 homines
1211 4985 1287 5051 dam
1315 4983 1547 5047 remissionem
1575 4991 1789 5065 peccatorum
1817 4992 1875 5043 aut
1896 4980 2079 5056 iusticiam,
2107 4998 2190 5129 iffi

761 5098 767 5111 ’
1210 5071 1311 5136 modo
1333 5070 1418 5133 sciet
1439 5064 1498 5133 illa
1518 5062 1867 5172 operallecplaocre,
1889 5083 1963 5130 curn
1986 5083 2053 5129 non
2066 5064 2110 5128 ha

1211 5159 1431 5223 testimonium
1454 5154 1548 5218 verbi
1570 5151 1657 5217 Dei?
1679 5153 1846 5238 quomodo
1869 5152 1911 5216 de
1932 5148 2106 5216 voluntate
2121 5149 2188 5215 Dei

176 5260 749 5332 to)ubtmbmor]1tus.:ustrrmur
1211 5255 1325 5313 certos
1361 5241 1480 5308 reddet
1516 5238 1687 5317 homines,
1724 5239 1797 5304 sinc
1828 5237 1984 5304 mandato
2017 5247 2052 5301 et
2082 5235 2188 5302 verbo
