4786 6210
188 477 258 547 599
637 468 756 545 antu.
776 473 882 542 MEL.
903 469 1093 542 scum
1112 469 1382 541 bonuarios
1401 470 1460 539 ΕΤ
1479 468 1752 541 ΒΥΜΒΟΠῦΑ.
2135 471 2204 541 im

190 668 324 734 existet·
369 665 465 733 Sicut
486 663 553 731 boe
572 665 679 730 verbo
701 674 790 728 terre
811 659 849 726 iit
870 656 1045 726 foecunda.
1086 659 1170 725 Ger·
1221 681 1336 728 causa.
1380 660 1474 727 ilaec
1502 673 1581 729 sunt
1610 660 1802 746 perspicua,
1834 672 1868 726 et
1900 660 1987 727 adeo
2018 659 2132 741 firma,
2165 672 2205 728 vt
2267 730 2278 741 ,

191 757 293 819 miu'et
314 765 406 818 terra
425 750 564 816 barbam
591 752 762 815 virentem.
805 745 947 831 Propter
973 745 1060 811 banc
1083 747 1170 811 ordi·
1220 744 1314 812 nullo
1335 748 1435 814 modo
1456 745 1652 814 labefactari
1698 747 1848 824 neant.*)

190 839 378 917 nationem,
400 856 469 904 non
490 835 600 901 solum
621 836 711 901 initio
734 832 845 917 coepit
872 846 963 897 terra
983 832 1170 918 producere
1306 834 1429 899 Tertio.
1460 831 1585 900 Paulus
1601 834 1658 897 ait.
1717 843 1832 916 ropter
1847 828 2102 899 fornicationem
2112 852 2205 899 nnus

190 925 423 1011 gramina,⁴⁸)ae
437 923 499 988 sed
525 923 703 1007 quotannis
728 919 915 984 vestiuntur
936 918 1028 1005 agri,
1062 919 1170 983 donec
1221 921 1296 1005 quis
1321 940 1363 985 ne
1384 920 1508 985 babeat
1525 937 1663 984 uxorem
1676 937 1790 983 suam.
1822 918 1897 984 Hoc
1918 919 1982 983 iarn
2000 937 2202 1004 expressum

190 1011 312 1075 existet
332 1006 418 1074 baeu
439 1019 570 1073 natura.
614 1006 709 1072 Sicut
728 1006 829 1092 igitur
850 1002 982 1090 legibus
1004 1002 1170 1082 humanis,
1220 942 1410 1072 mandatnm
1436 1016 1489 1069 est
1517 1006 1561 1071 ad
1590 1023 1705 1069 omnes
1734 1006 1923 1087 pertinens,
1954 1005 2010 1089 qui
2032 1023 2100 1068 non
2122 1019 2231 1091 esunt-⁴

190 1116 258 1162 non
280 1105 394 1181 potest
413 1106 533 1159 natura
555 1103 669 1157 tarrae
690 1092 819 1156 mutari.
862 1092 911 1154 ita
937 1109 1046 1174 neque
1072 1090 1170 1166 votis,
1221 1093 1331 1159 idonei
1342 1093 1385 1156 ad
1402 1087 1612 1156 coelibatum.
1644 1089 1840 1175 Aduersarij
1857 1091 1970 1155 iubent
1986 1088 2051 1154 sibi
2067 1093 2202 1157 ostendi

189 1200 300 1268 neque
327 1177 404 1267 lege
431 1177 576 1243 humana
607 1188 720 1262 potest
743 1177 901 1254 natura*)
931 1175 1074 1240 hominis
1103 1195 1172 1239 mu·
1220 1187 1452 1265 praeceptum,
1490 1177 1580 1261 quod
1612 1176 1774 1260 praecipit
1805 1175 2045 1240 Sacerdotibus
2076 1196 2204 1243 exores

189 1269 255 1332 tari
278 1268 351 1331 sine
372 1261 507 1349 speciali
530 1284 632 1348 opere
655 1262 730 1328 Dei.
1222 1266 1344 1331 ducere
1366 1264 1474 1349 quasi
1484 1263 1679 1327 sacerdotes
1701 1281 1769 1325 non
1790 1263 1859 1325 sint
1876 1259 2096 1338 homiues**)
2127 1261 2202 1329 Nos

278 1351 446 1416 Secundo.
490 1351 534 1415 Et
555 1350 633 1433 quia
653 1347 739 1413 haec
763 1347 898 1425 creatio,
920 1365 983 1411 seu
1005 1347 1170 1411 ordinatio
1245 1370 1309 1415 uae
1331 1351 1373 1413 de
1389 1359 1509 1432 natura
1523 1346 1692 1412 huminum
1708 1346 1876 1433 ingenere
1893 1349 2202 1432 disputamus,pro·
2264 1352 2273 1372 ³

190 1438 302 1503 diuina
322 1436 357 1501 in
378 1435 530 1515 bomine,
559 1433 687 1498 estius
706 1430 877 1511 naturale,
904 1433 980 1497 ideo
1002 1434 1171 1516 sapienter
1221 1371 1311 1501 fecto
1333 1436 1430 1500 etiam
1452 1434 1496 1499 ad
1517 1433 1712 1498 sacerdotes
1733 1435 1899 1517 pertinere
1920 1432 2115 1498 indicamus.
2147 1434 2203 1499 An

186 1537 224 1589 et
244 1533 337 1588 recte
354 1523 508 1587 dixenuru
518 1517 759 1598 iurisconsulti,
782 1519 1048 1584 coniunctionem
1068 1519 1169 1582 maris
1221 1542 1288 1587 non
1315 1520 1475 1605 praecipit
1508 1516 1564 1584 bic
1590 1515 1733 1598 Paulus,
1766 1534 1802 1583 vt
1828 1518 1952 1585 ducant
1977 1539 2114 1584 uxorem
2145 1519 2203 1584 isti

188 1624 223 1674 et
245 1605 412 1675 foeminae
438 1626 516 1672 esse
540 1606 625 1670 iuris
646 1602 819 1670 naturalis.
864 1601 948 1669 Cum
976 1602 1169 1669 antemius
1222 1607 1278 1693 qui
1305 1627 1373 1672 uon
1395 1603 1518 1670 habent
1541 1606 1663 1687 donum
1687 1605 1936 1671 continentiae?
1963 1602 2205 1689 iuterpretatur

189 1691 347 1760 naturale
379 1695 423 1758 sit
460 1688 728 1767 immutabile‚**)
777 1709 921 1755 necesse
953 1700 1007 1755 est
1039 1708 1171 1774 semper
1222 1694 1310 1758 enirn
1332 1692 1444 1776 seipse
1464 1689 1566 1776 paulo
1586 1701 1676 1774 pust,
1697 1709 1771 1756 cum
1787 1689 1845 1769 ait,
1857 1690 1979 1757 Melius
1996 1693 2202 1770 astuubere,

188 1800 326 1845 manere
346 1778 402 1846 ins
424 1775 639 1843 contrahendi
668 1775 824 1861 coniugij.
868 1775 1029 1840 Namvbi
1050 1790 1171 1840 natura
1222 1799 1320 1864 quam
1354 1780 1415 1842 vri.
1460 1776 1502 1840 Et
1535 1774 1689 1841 Christus
1723 1773 1813 1840 clare
1847 1777 1937 1842 dixit.
1980 1775 2057 1840 Non
2085 1796 2202 1842 omues

188 1884 257 1930 uun
285 1875 447 1943 mutatur,
477 1883 620 1928 necesse
647 1873 717 1941 est,
745 1873 778 1927 et
809 1859 903 1925 illam
930 1861 1170 1926 ordinationem
1223 1865 1355 1949 capiunt
1375 1860 1443 1926 boc
1462 1863 1618 1941 verbum,
1648 1861 1712 1927 sed
1741 1862 1860 1946 quibus
1881 1863 1995 1927 datum
2021 1874 2091 1940 est,
2124 1865 2203 1949 qnia

188 1969 341 2028 manere,
364 1970 462 2036 quam
484 1947 580 2013 Deus
603 1949 718 2013 indidit
737 1958 893 2024 naturae,
921 1951 1038 2025 nec⁴⁹)
1058 1958 1170 2032 potest
1192 1925 1198 2038 Ι
1221 1971 1311 2015 nunc
1332 1959 1411 2032 post
1432 1958 1607 2031 paccatum
1628 1958 1830 2017 concurrunt
1851 1947 1936 2014 baec
1957 1949 2042 2026 duo,
2069 1959 2204 2015 natura·

188 2033 656 2121 legibushumanistulli.***)
695 2030 884 2097 Ridiculum
899 2034 1063 2118 igiturest
1079 2032 1169 2118 quod
1221 2034 1264 2100 lis
1286 2035 1453 2120 appetitus
1475 2045 1510 2098 et
1530 2034 1804 2117 concupiscentia
1829 2054 1915 2120 quae
1941 2032 2124 2099 inflammat
2144 2055 2203 2100 ua·

187 2122 374 2208 aduersarij
404 2134 571 2207 nugantur
599 2120 698 2184 inicio
718 2115 823 2182 fuisse
844 2119 1034 2186 mandatum
1057 2121 1170 2184 coniu·
1220 2118 1361 2186 turalem
1383 2120 1575 2204 appetitum,
1595 2129 1632 2183 vt
1652 2120 1716 2184 iarn
1736 2120 1845 2206 magis
1867 2139 1888 2185 o
1913 2139 1953 2184 us
1979 2120 2024 2184 sit
2045 2119 2203 2205 coniugio

187 2208 290 2293 giam,
312 2226 402 2274 nnnc
421 2206 490 2272 nun
513 2225 599 2271 esse.
633 2204 707 2269 Hoc
728 2205 867 2287 perinde
886 2216 951 2282 est,
968 2225 1010 2270 ac
1031 2206 1061 2269 si
1084 2205 1170 2268 dice·
1222 2227 1320 2292 quam
1342 2207 1375 2271 in
1396 2217 1515 2271 natura
1542 2205 1684 2288 integra.
1727 2205 1806 2271 idac
1827 2204 1876 2270 Pa
1911 2225 1951 2271 us
1981 2206 2023 2268 de
2046 2207 2203 2310 coniupio

188 2303 277 2367 rent,
318 2290 406 2357 Olim
438 2304 618 2356 nascentes
652 2289 805 2354 homines
843 2309 957 2355 sucum
988 2286 1170 2356 attulerunt
1222 2305 1277 2357 tan
1302 2313 1378 2357 uam
1406 2293 1449 2356 de
1475 2290 1621 2355 remedio
1647 2287 1813 2376 loquitur,
1846 2303 1880 2355 et
1908 2301 2048 2375 propter
2071 2287 2132 2355 illa
2152 2313 2202 2356 ur·

188 2398 325 2456 sexum,
348 2399 437 2443 nuno
457 2397 524 2441 non
547 2376 699 2440 afferunt.
743 2374 831 2450 Olim
853 2394 967 2440 seeum
988 2374 1169 2440 attuleruut
1221 2313 1340 2443 cendia
1361 2379 1451 2444 iubet
1470 2378 1614 2453 nubere,
1646 2374 1697 2440 Ne
1721 2396 1763 2441 ue
1790 2376 1878 2443 banc
1905 2398 2036 2441 vocem.
2077 2374 2202 2442 Melius

155 2463 244 2528 -ius
264 2460 416 2529 naturale
438 2476 631 2542 nascentes,
653 2481 741 2526 nuuc
761 2481 830 2527 non
852 2460 1003 2526 affenrnt.
1047 2457 1169 2526 Nullus
1221 2475 1274 2528 est
1294 2466 1440 2540 nubere,
1461 2481 1560 2547 quam
1582 2461 1651 2539 vri,
1673 2396 1743 2525 vlla
1765 2462 1909 2527 humana
1927 2462 2106 2541 autoritas,
2133 2461 2205 2528 vlle

187 2548 298 2614 Faber
330 2545 483 2614 fabrilius
512 2549 662 2631 cogitare
695 2547 871 2632 quidquam
927 2559 1038 2624 osset,
1070 2566 1168 2631 quarn
1220 2546 1296 2628 lex,
1328 2546 1396 2614 vlla
1417 2561 1497 2613 vcta
1519 2544 1637 2612 tollere
1657 2559 1818 2629 possunt,
1847 2549 1923 2632 quia
1945 2548 2028 2613 haee
2050 2568 2118 2612 uon
2141 2546 2205 2612 tol·

187 2634 254 2700 hae
279 2636 423 2720 ineptiae
456 2635 667 2718 excogitatae
695 2642 773 2696 sunt
805 2634 848 2698 nd
880 2567 1079 2698 allidendum
1112 2633 1168 2696 ius
1219 2632 1292 2701 lunt
1302 2646 1453 2700 naturam
1465 2647 1522 2697 aut
1534 2633 1915 2716 concupiscentiam.***)
1937 2631 2094 2699 Retinent
2104 2635 2205 2720 igitur

187 2731 337 2788 naturae.
386 2719 521 2785 lilaneat
554 2718 654 2806 igitur
685 2717 753 2783 lucc
785 2719 819 2784 iu
852 2738 975 2796 causa,
1012 2718 1102 2802 quod
1135 2729 1169 2783 et
1221 2724 1276 2787 ius
1300 2721 1458 2796 ducendi,
1483 2739 1599 2783 omnes
1623 2718 1678 2802 qui
1700 2732 1850 2784 vrnntur.
1894 2718 1938 2783 Et
1959 2729 2113 2784 tenentur
2136 2719 2205 2784 boc

187 2805 362 2890 Scriptura
385 2806 501 2883 docet,
533 2816 567 2868 et
595 2801 855 2869 iurisconsultus
878 2806 1048 2888 sapienter
1074 2803 1168 2885 dixit,
1219 2808 1376 2872 mundato
1396 2801 1501 2883 Pauli,
1521 2814 1657 2888 propter
1678 2801 1933 2870 fornicationem
1954 2823 2041 2870 vnus
2058 2804 2203 2892 quisque

187 2891 453 2957 coniunctionem
474 2891 577 2955 maris
599 2901 631 2953 et
654 2887 818 2955 foeminae
839 2908 916 2954 esse
932 2887 1016 2954 iuris
1033 2899 1168 2954 natura·
1220 2892 1343 2958 babeat
1364 2910 1501 2956 uxorem
1523 2909 1636 2967 suam,
1672 2892 1866 2976 omnesqui
1891 2911 1958 2955 nun
1990 2910 2070 2955 vere
2099 2892 2202 2956 conti·

187 2973 240 3042 lis.
273 2978 381 3043 Porro
404 2976 460 3042 ius
482 2973 635 3041 naturale
655 2994 736 3039 vere
757 2987 809 3040 est
830 2974 885 3040 ius
908 2976 1068 3052 diuinum,
1092 2975 1169 3060 quia
1219 2991 1312 3057 nent,
1335 2978 1378 3043 de
1399 2997 1465 3062 qua
1486 2996 1523 3040 re
1545 2975 1700 3042 iudicium
1718 2976 1761 3040 ad
1783 2976 2021 3042 conscientiam
2039 2978 2203 3062 cuiusque

187 3075 241 3130 est
263 3064 425 3128 ordinatio
447 3062 603 3127 diuinitus
626 3064 791 3146 impressa
810 3072 956 3128 naturae.
1002 3060 1087 3135 Quia
1108 3081 1168 3125 au·
1220 3065 1428 3148 pertinet-⁶¹)
1471 3061 1556 3127 Nam
1586 3062 1675 3146 quod
1704 3062 1760 3126 hic
1787 3061 1901 3126 iubent
1929 3075 2046 3146 petere
2074 3082 2096 3126 a
2126 3061 2202 3127 Deo

185 3161 254 3214 tam
273 3148 405 3213 hocius
427 3148 545 3212 mutari
565 3168 634 3212 non
650 3159 774 3230 potest,
795 3148 869 3212 sinc
885 3143 1047 3233 singulari
1067 3165 1168 3230 opere
1222 3150 1472 3226 continentium,
1512 3149 1626 3212 iubent
1663 3165 1786 3232 eorpus
1819 3145 1992 3213 laboribus
2025 3160 2059 3212 et
2089 3147 2202 3214 inedia

185 3228 264 3312 Dei,
285 3251 429 3298 necesse
451 3237 556 3311 est⁶⁰i
577 3253 711 3298 manere
734 3233 789 3299 ius
812 3231 1031 3300 contrahendi
1051 3232 1167 3297 coniu·
1221 3235 1407 3313 conficere,
1437 3254 1497 3299 cur
1524 3233 1589 3297 sibi
1618 3253 1751 3317 quoque
1771 3252 1838 3297 non
1868 3245 1992 3299 canunt
2025 3232 2111 3298 baec
2133 3253 2201 3299 nta-

187 3321 253 3407 gij‚
278 3315 435 3404 quiaille
457 3315 618 3382 naturalis
641 3321 820 3402 appetitus,
842 3331 895 3385 est
918 3319 1080 3383 ordinatio
1103 3316 1167 3382 Dei
1244 3321 1343 3387 niiica
1363 3317 1564 3405 praecepta?
1598 3319 1666 3384 Sed
1689 3328 1726 3383 vt
1748 3339 1850 3403 supra
1873 3320 2033 3399 diximus,
2057 3317 2200 3386 'fantum

185 3407 221 3470 in
249 3417 370 3469 natura
396 3423 498 3469 sexus
531 3403 575 3467 ad
597 3420 731 3481 sexum,
763 3415 796 3467 et
820 3415 998 3491 propterea
1019 3402 1075 3466 lna
1103 3416 1167 3480 est,
1218 3343 1338 3474 ludunt
1359 3405 1561 3487 aduersarii,
1591 3401 1673 3467 nihil
1694 3417 1800 3492 agunt
1822 3406 1922 3470 serio.
1968 3405 2004 3470 st
2028 3406 2199 3472 conduen-

185 3488 312 3576 alioqui
333 3511 437 3575 quare
460 3501 601 3574 vterque
622 3507 726 3552 sexus
749 3489 970 3554 conderetur?
997 3487 1040 3552 Et
1060 3485 1167 3573 loqui·
1219 3494 1265 3558 tia
1287 3504 1378 3558 esset
1399 3491 1552 3557 omnibus
1573 3486 1763 3573 possibilis,
1792 3512 1859 3555 non
1889 3492 2073 3576 requireret
2099 3510 2201 3576 pecu·

55 3638 62 3649 ,
167 3598 260 3644 >mur
287 3587 324 3643 vt
352 3595 455 3661 snpra
482 3575 605 3638 dictum
635 3585 706 3651 est,
739 3595 807 3639 non
834 3577 876 3638 de
896 3575 1167 3657 concupiscentia
1218 3576 1301 3644 liare
1328 3579 1460 3642 donum.
1504 3576 1550 3640 At
1577 3573 1731 3640 Christus
1761 3577 1906 3641 ostendit
1938 3597 2011 3642 eam
2038 3573 2200 3660 peculiari

185 3682 272 3748 quae
292 3674 468 3747 peccatum
491 3671 559 3738 est,
588 3661 712 3725 sedda
734 3657 792 3725 ilio
820 3662 969 3745 appetitu
991 3681 1090 3745 quem
1110 3681 1167 3726 vo-
1219 3666 1308 3729 dono
1337 3682 1421 3747 opus
1450 3661 1592 3743 habere,
1624 3681 1727 3764 quare
1754 3682 1821 3727 uon
1844 3663 2008 3748 contingit
2030 3664 2198 3740 omnibus,

185 3760 263 3813 cant
282 3746 410 3831 στοργῆν
431 3745 567 3830 φυσικὴν,
591 3765 690 3830 quem
712 3748 982 3831 concupiscentia
1004 3766 1072 3814 non
1094 3765 1167 3811 sus·
1218 3745 1378 3833 Reliquos
1400 3745 1473 3812 vult
1483 3746 1578 3812 Deus
1598 3759 1644 3811 vtt
1667 3749 1831 3812 communi
1851 3745 1927 3834 lega
1943 3760 2082 3814 naturae
2099 3767 2199 3833 quant

186 3833 263 3898 tulit
295 3854 338 3898 ex
370 3844 505 3910 natura,
537 3832 599 3895 sed
632 3833 785 3897 accendit
822 3843 859 3898 vt
893 3854 982 3898 nunc
1018 3833 1165 3899 remedio
1218 3834 1368 3899 instituit
1401 3832 1479 3897 Non
1501 3833 1587 3898 enim
1608 3828 1681 3898 vult
1701 3830 1797 3897 Deus
1820 3835 1984 3899 contemni
2005 3854 2088 3898 suas
2110 3834 2199 3899 ordi·

185 3920 293 4005 magis
316 3938 400 4004 opus
424 3916 563 3996 habeat,
591 3927 625 3980 et
647 3919 834 4004 coniugium
861 3938 929 3983 nou
956 3915 1064 3983 solum
1091 3937 1166 4001 pro·
1217 3921 1383 3997 natones,
1405 3938 1485 3984 suas
1509 3932 1693 3984 creaturas.
1727 3918 1776 3981 ita
1797 3915 1869 3984 vult
1885 3916 1962 3984 iilos
1979 3932 2094 3984 castos
2107 3938 2198 3995 essa,

186 4006 363 4072 creationis
386 4024 489 4070 causa
511 4003 736 4069 necessarium
757 4005 813 4082 sit,
833 4003 1010 4069 sedetiam
1027 4002 1164 4087 remedij
1217 4020 1254 4072 vt
1281 4006 1428 4072 remedio
1458 4005 1613 4070 diuinitus
1641 4005 1814 4087 proposito
1847 4016 1999 4081 vtautur,
2033 4004 2122 4070 sicut
2152 4005 2198 4069 ita

1217 4089 1289 4159 vult
1309 4093 1411 4157 vitam
1427 4103 1577 4156 nostram
1598 4088 1707 4168 alere,
1734 4090 1765 4153 si
1787 4091 1881 4168 cibo,
1901 4091 1933 4155 si
1953 4101 2036 4174 potu
2057 4101 2198 4154 vtamur.

1216 4176 1261 4243 Et
1282 4176 1417 4242 Gerson
1438 4187 1581 4242 testatur
1601 4171 1724 4240 multos
1744 4171 1851 4240 fuisse
1873 4176 1981 4242 bonos
2005 4176 2113 4254 viros,
2141 4175 2197 4260 qui

187 4277 235 4341 ta)
253 4277 394 4345 gramina]
412 4279 463 4329 nu.
481 4283 520 4330 az
538 4282 657 4345 germine
1218 4262 1329 4331 conati
1352 4263 1487 4326 domare
1508 4280 1650 4346 corpus,
1682 4273 1794 4326 tamen
1826 4281 1943 4346 parum
1969 4257 2196 4344 profecerunt.

186 4364 235 4428 49)
253 4363 313 4432 nec]
332 4365 381 4413 lid.
400 4366 441 4415 da
459 4380 512 4416 non

188 4447 238 4513 bo)
256 4464 363 4500 necesse
381 4448 429 4517 est]
446 4449 496 4503 Ed.
515 4455 555 4501 4.:
573 4465 658 4516 nequa
675 4462 782 4500 necessa
800 4457 840 4498 est

209 4533 238 4594 ‘i
256 4535 332 4586 Sicut
349 4536 431 4598 igitur
447 4536 549 4600 iegibus
567 4537 696 4597 humanis,
713 4562 748 4574 -
765 4508 851 4599 potlrst
868 4533 972 4608 namu]
990 4532 1050 4586 base
1071 4550 1167 4602 quoqne
1343 4589 1349 4602 ,
1762 4587 1768 4600 ,

256 4601 333 4653 mua
351 4603 415 4668 (sot
430 4604 486 4654 um
504 4608 533 4654 a·
547 4603 724 4668 antu-17.)
743 4603 911 4653 uetuerat
930 4601 1095 4655 merosum
1109 4603 1166 4654 at.
1216 4589 1265 4655 ⁶¹)
1282 4586 1417 4655 parona]
1435 4586 1485 4637 nu.
1504 4587 1529 4637 ³·
1547 4594 1600 4654 ttr-
1618 4603 1684 4639 m
1703 4594 1840 4654 panas

257 4672 352 4721 adesit
370 4679 393 4724 at
410 4673 437 4722 in
453 4676 568 4740 neruine
584 4671 719 4741 adempsit
736 4669 835 4723 metet
856 4670 916 4733 ,Sic
934 4671 978 4721 ilie
995 4671 1063 4721 dixit
1079 4673 1166 4722 Mater
1233 4674 1354 4741 'JHaee
1381 4681 1442 4722 snut
1468 4674 1619 4738 perspicus,
1642 4698 1676 4710 -
1700 4670 1817 4738 queant]
1843 4671 1905 4725 sae
1931 4672 1998 4737 (soi.
2022 4670 2080 4722 idm
2102 4671 2134 4721 ab
2153 4671 2200 4724 ds.

256 4754 315 4791 mea
332 4743 421 4805 uouit,
445 4744 517 4808 quud
535 4759 585 4807 ego
604 4741 687 4792 debeo
710 4739 767 4789 fleri
788 4740 942 4806 Episcopus.
977 4739 1012 4789 itt
1033 4740 1092 4802 ilie,
1114 4738 1166 4800 Qui
1287 4741 1614 4807 16-18.)aLutbar0
1631 4738 1709 4792 rubro
1726 4741 1807 4792 ociore
1823 4740 1954 4792 ramata
1970 4749 2034 4792 aaut.

257 4810 333 4859 vonit
349 4824 407 4860 sese
424 4813 493 4862 nolle
512 4812 621 4878 amplius
638 4813 755 4874 mingere
771 4810 800 4859 in
816 4809 927 4873 gloriam
944 4807 1022 4859 Dei*¹
1218 4824 1265 4890 υ)
1283 4831 1306 4879 ,i
1323 4827 1475 4879 „mm
1493 4840 1545 4877 „on
1564 4827 1617 4877 ,pm
1634 4825 1776 4891 pompm]
1792 4825 1854 4878 pm,
1878 4841 1975 4894 ΨΜ,
1997 4823 2065 4892 (Μ
2087 4824 2146 4876 1„
2163 4825 2198 4874 μ

190 4893 236 4962 ”)
254 4895 384 4978 foeminae
408 4912 464 4947 esse
484 4898 552 4948 Iuris
577 4923 610 4935 -
632 4892 814 4960 immutabile]
836 4892 897 4946 iaec
921 4893 1085 4976 dionissi.
1109 4893 1166 4946 Mau
1287 4897 1330 4947 lt‘tt.
1344 4894 1406 4977 fs.)
1430 4895 1595 4945 Lutberus
1608 4894 1701 4976 'adem
1726 4895 1806 4946 ociore
1828 4893 1966 4947 suimet
1988 4901 2013 4946 et
2035 4893 2063 4943 in
2085 4895 2200 4960 meins

194 4964 414 5115 ...su-tt·
430 4965 682 5116 333⁰:th
695 4964 776 5101 tt
792 4960 1044 5112 latita
1066 5049 1097 5098 2.
1119 5049 1162 5100 s
1242 4961 2199 5099 damnosissimum

258 5119 569 5184 24-26.)Luti1erus
591 5117 668 5170 rubro
691 5119 771 5169 eobre
870 5117 931 5166 tobit
953 5123 978 5168 et
999 5116 1165 5184 subrepenti-
1217 5117 1279 5183 ”⁸)
1296 5116 1390 5182 Neque
1407 5116 1475 5168 banc
1496 5132 1594 5169 vocem.
1613 5144 1647 5156 -
1665 5116 1922 5184 concupiscentiam]
1947 5115 2009 5170 desc
2024 5114 2102 5168 seba
2125 5115 2195 5181 (fei.

260 5187 305 5238 but
320 5189 347 5237 in
363 5190 475 5254 moreins
497 5187 645 5254 adrem:
671 5186 722 5248 ,Bt
744 5186 820 5236 simul
842 5186 958 5251 sequitur
980 5184 1073 5235 Donec
1096 5189 1167 5237 terra
1285 5184 1343 5237 Hm
1361 5187 1392 5237 ³⁸
1410 5185 1452 5236 iia.
1469 5186 1562 5251 4-7.)
1578 5186 1745 5237 Lutherus
1768 5184 1845 5238 rubro
1866 5187 1948 5238 colors
1970 5184 2111 5237 utum
2128 5191 2153 5237 et
2170 5185 2199 5235 is

256 5256 356 5321 repieta
372 5263 428 5319 est,
452 5270 542 5307 omnes
565 5259 680 5308 omnium
696 5255 803 5320 nuptiae
821 5268 922 5306 cauare
945 5252 1057 5317 debent,
1079 5253 1166 5304 donee
1284 5255 1401 5320 marphe
1416 5252 1507 5306 edixit
1526 5253 1626 5308 hoctar
1652 5255 1889 5322 ,Concupiscentia
1911 5269 1964 5306 uon
1988 5253 2089 5304 tollitur
2111 5266 2198 5318 nequa

256 5338 304 5389 per
329 5333 439 5375 mortem
468 5332 609 5375 euacustur
635 5332 706 5376 terra
730 5339 779 5389 pra
804 5323 898 5374 futuris
920 5322 1042 5389 nuptiis.¹¹
1078 5320 1167 5386 (Hune
1284 5331 1380 5374 natura
1403 5337 1450 5390 per
1474 5331 1564 5374 votnm
1586 5330 1633 5375 sut
1654 5324 1739 5389 legem
1763 5324 1928 5376 ammam·
1965 5318 2049 5389 (uae
2071 5329 2156 5374 unct.
2179 5337 2201 5371 a

259 5399 343 5445 m.
361 5400 386 5445 et
397 5392 585 5461 pomnen
600 5391 785 5459 sparretus
802 5391 820 5446 ι
838 5393 856 5444 t
870 5407 898 5459 p.
917 5391 978 5446 iii.
994 5404 1043 5443 sus
1058 5391 1165 5460 det).
1285 5390 1488 5457 spissaret
1506 5391 1564 5460 ip
1583 5392 1644 5444 tat.
1662 5395 1752 5445 onias
1768 5394 1827 5460 α.)

191 4176 384 4189 *ηε-
