4756 6194
183 379 249 444 aar
530 376 571 444 ll.
615 373 847 445 Aromata
866 371 1183 443 GDNFESSlONlS
1204 373 1524 444 AUGUSTANAE.
1556 376 1609 442 ‘B-
1653 374 1845 445 ALTERA.
2128 384 2198 452 498

184 565 310 631 Verum
331 577 385 631 est
411 566 499 630 enim
521 565 612 639 qnod
631 564 666 629 in
694 563 848 627 doctrina
867 560 1091 645 poenitentiae
1113 581 1164 628 re·
1186 566 1191 655 ξ
1214 562 1292 630 fidei
1314 575 1367 627 est
1400 559 1508 642 illius,
1535 564 1578 645 de
1605 583 1672 649 qua
1693 583 1761 630 nos
1777 563 1958 650 loquimur,
1987 587 2073 652 quae
2095 572 2198 641 sentit

184 655 358 737 quirnntur
384 672 404 715 o
430 671 506 728 era,
540 653 617 735 quie
646 661 737 714 certe
765 667 853 712 noua
879 647 948 711 vita
974 647 1165 730 requiritur,
1187 658 1191 731 j
1215 668 1254 714 se
1283 647 1409 715 babere
1431 648 1539 715 Deum
1567 646 1754 734 placatum,
1782 664 1920 735 propter
1941 654 2046 736 ipsius
2068 657 2196 723 miseri·

183 740 252 802 Sed
274 737 329 802 bie
351 759 381 802 m
417 747 600 802 eassuunt
620 735 819 815 ndnenmtj,
842 732 932 817 quod
953 728 1164 818 talibusope·
1216 736 1381 812 cordiam,
1408 746 1443 799 et
1464 733 1536 805 vult
1557 755 1578 799 a
1599 733 1675 799 Deo
1701 736 1894 816 iustificari,
1920 738 2140 819 sanctificari,
2162 753 2197 808 et

96 822 104 833 '
182 825 277 889 ribus
304 843 488 887 mereamur
520 822 748 886 remissionem
780 829 1014 903 peccatorum,
1039 830 1097 883 aut
1118 820 1165 883 iu·
1216 821 1406 905 gubernari.
1452 820 1521 886 Sed
1543 821 1729 906 aduersarij
1750 822 1871 900 nostri,
1891 843 2015 890 suaues
2032 823 2195 908 homines,

140 948 144 957 ·
181 909 424 976 stificationem.
458 906 502 971 Et
520 905 795 972 tamenGlrristus
812 924 916 986 saepe
933 903 1164 987 annectitpro·
1215 917 1399 990 excerpunt
1423 903 1592 971 mutilatas
1620 907 1828 986 sentenciae,
1849 921 1885 971 vt
1906 912 2064 994 imperitis
2083 910 2197 981 sucum

135 1000 137 1005 ’
181 997 374 1060 missionem
401 992 607 1057 remissionis
629 1003 844 1075 peccatorum
873 989 971 1053 bonis
994 989 1166 1072 operibus,
1214 989 1352 1068 saciant,
1375 990 1497 1057 Postea
1509 987 1675 1076 affingunt
1691 989 1816 1077 aliquid
1836 995 1879 1058 de
1889 997 1960 1059 suis
1972 997 2194 1080 opinionibus.

183 1100 251 1146 non
284 1080 375 1165 quod
405 1076 487 1143 velit
514 1080 605 1143 bona
632 1098 753 1161 opera,
778 1076 1050 1160 propiciationem
1073 1095 1164 1153 esse,
1214 1075 1416 1163 Requirendi
1437 1079 1537 1163 igitur
1563 1088 1643 1142 sunt
1663 1079 1784 1164 integri
1808 1075 1891 1157 loci,
1913 1083 1990 1167 qnia
2010 1083 2101 1149 iuxta
2123 1083 2196 1150 vul·

182 1179 365 1251 sequuntur
388 1165 474 1229 enim
496 1162 813 1240 reconciliationem,
836 1163 896 1226 sed
920 1171 1057 1244 propter
1079 1162 1164 1254 duas
1184 1128 1191 1209 l
1214 1183 1296 1249 gare
1323 1176 1555 1248 praeceptum,
1581 1161 1717 1229 lncirile
1740 1178 1808 1242 est,
1837 1167 1902 1231 nisi
1929 1178 2001 1231 tota
2022 1165 2099 1255 lege
2120 1191 2195 1252 per·

182 1272 315 1318 causas.
363 1250 484 1315 Altera
503 1261 575 1327 est,
605 1251 683 1334 quia
704 1247 898 1314 necessario
920 1246 1016 1331 sequi
1038 1246 1162 1313 debent
1183 1216 1190 1285 l
1212 1260 1349 1331 specta,
1376 1269 1443 1313 vna
1475 1246 1588 1333 aliqua
1616 1247 1779 1332 particula
1805 1250 1877 1316 eius
1897 1255 2086 1336 proposita,
2114 1257 2196 1321 iudi·

181 1338 259 1401 boni
291 1334 439 1415 fructus,
477 1336 591 1401 Monet
624 1336 724 1420 igitur
756 1333 952 1418 hypocrisin
984 1341 1018 1397 et
1050 1331 1163 1397 fictam
1213 1354 1292 1399 care
1314 1330 1370 1399 vel
1396 1335 1612 1419 respondere.
1660 1332 1703 1398 Et
1731 1332 1798 1400 loci
1820 1337 1939 1422 integri
1961 1337 2082 1421 prolati
2103 1341 2196 1426 plae-

180 1423 415 1507 poenitentiam
442 1441 539 1500 esse,
566 1422 595 1484 si
625 1442 692 1485 non
713 1432 896 1504 sequautur
920 1418 998 1482 boni
1020 1413 1161 1485 fructus.
1211 1439 1351 1505 rumque
1372 1439 1488 1486 secum
1509 1418 1652 1491 afferunt
1672 1421 1986 1505 interpretationem.
2227 1431 2231 1435 “

180 1505 297 1572 Altera
325 1519 521 1584 causaest,
549 1509 626 1592 quia
653 1508 751 1571 nobis
779 1525 865 1590 opus
887 1502 1086 1568 esthabere
1108 1526 1162 1568 ex·
1298 1505 1429 1570 Citatur
1450 1502 1618 1571 mutilatus
1641 1517 1675 1571 et
1695 1505 1751 1571 hic
1771 1504 1868 1573 locus
1889 1507 2003 1574 Lucae
2020 1511 2064 1573 xi.
2104 1510 2196 1579 Date

180 1606 276 1658 terna
298 1594 437 1678 signa*)
460 1603 573 1657 tantae
595 1592 839 1676 promissionis,
862 1593 939 1676 qnia
957 1591 1162 1655 conscientia
1213 1587 1457 1677 elemosynam,
1497 1602 1531 1655 et
1564 1611 1645 1656 ecce
1676 1592 1788 1656 omnia
1819 1596 1941 1659 munda
1972 1606 2052 1659 sunt
2085 1599 2208 1663 vobis.

179 1681 312 1763 pauida,
332 1676 505 1763 multiplici
527 1675 758 1743 consolatione
777 1696 862 1761 opus
885 1677 995 1740 habet.
1039 1676 1087 1741 Vt
1103 1677 1163 1761 igi·
1214 1674 1318 1757 Plane
1339 1677 1433 1741 surdi
1455 1687 1534 1741 sunt
1553 1676 1752 1762 aduersarij‚
1774 1676 1888 1743 Toties
1909 1681 1974 1744 iam
1992 1681 2131 1746 dicimus
2150 1684 2196 1749 ad

179 1776 234 1830 tur
255 1764 467 1848 BaptismnS,
495 1776 532 1829 vt
556 1785 662 1829 coena
681 1761 817 1828 Domini
838 1773 916 1827 sunt
936 1762 1052 1846 signa,
1075 1780 1162 1846 qaae
1213 1762 1492 1846 praedicationem
1514 1759 1613 1848 legiS,
1635 1775 1792 1847 oportere
1809 1765 1889 1830 addi
1907 1763 2126 1850 Euangelium
2152 1770 2196 1836 de

179 1851 321 1915 subinde
348 1851 542 1929 admonent,
571 1851 704 1934 erigunt
732 1861 765 1912 et
792 1846 991 1914 confirmant
1020 1848 1162 1931 pauidas
1213 1845 1360 1925 Christo,
1379 1861 1517 1932 propter
1562 1868 1637 1913 uem
1658 1846 1795 1933 placcat
1815 1852 1905 1916 bona
1927 1872 2044 1934 opera,
2065 1854 2126 1917 sed
2148 1853 2195 1921 illi

179 1948 320 2013 mentes,
342 1949 378 2001 vt
400 1935 538 2001 credant
554 1934 692 2012 firmius,
714 1935 833 1999 remitti
850 1943 1001 2018 peccata,
1022 1935 1163 1999 ltasori·
1212 1934 1335 2018 ubique
1363 1931 1503 1999 excluso
1526 1868 1678 2010 illinisto,
1709 1935 1832 2000 docent
1854 1938 1973 2001 mereri
1995 1937 2196 2005 iustificatio-

178 2034 237 2108 pta
255 2034 289 2086 et
310 2022 400 2106 picta
420 2033 474 2087 est
494 2023 610 2086 eadem
631 2021 809 2105 promissio
830 2020 865 2084 in
883 2019 1164 2104 bonisoperibns,
1213 2038 1288 2083 nem
1309 2039 1369 2101 per
1397 2039 1502 2103 opera
1528 2016 1626 2104 legis.
1671 2016 1733 2085 Hic
1761 2016 1858 2088 locus
1880 2025 2009 2106 integer
2030 2022 2195 2106 prolatus,

177 2118 215 2173 vt
245 2106 331 2171 haec
362 2127 465 2192 opera
489 2108 690 2172 admoneant
716 2124 798 2177 nos,
826 2117 863 2170 vt
894 2105 1021 2171 firmius
1044 2105 1161 2170 creda·
1213 2107 1370 2171 ostendet
1396 2105 1495 2169 fidem
1523 2104 1656 2190 requiri.
1706 2102 1863 2172 Christus
1891 2109 2045 2194 obiurgat
2078 2108 2195 2176 Phari·

177 2213 269 2271 mus,
300 2192 345 2257 Et
365 2194 421 2278 qui
447 2214 515 2257 non
544 2189 772 2274 benefaciunt,
800 2212 868 2256 non
890 2191 1095 2256 excitantes
1117 2191 1161 2255 ad
1213 2209 1293 2255 scos
1300 2234 1312 2268 ,
1337 2192 1529 2267 sancientes
1551 2209 1590 2257 se
1615 2209 1730 2255 coram
1752 2189 1827 2257 Deo
1855 2194 2021 2266 mundari,
2051 2192 2120 2259 hoc
2142 2209 2196 2263 est

110 2314 117 2329 .
178 2278 391 2357 credendum,
414 2279 476 2344 sed
495 2289 710 2344 contemnunt
725 2277 966 2362 promissiones
983 2274 1071 2355 illas,
1093 2276 1161 2340 Sed
1212 2275 1386 2340 iustificari
1418 2277 1546 2341 crebris
1576 2273 1821 2356 ablutionibus,
1849 2279 1944 2344 Sicut
1965 2279 2059 2363 Papa
2079 2284 2196 2348 nescio

176 2365 222 2450 pij
256 2363 502 2448 amplectuntur
533 2384 612 2441 ees,
652 2377 687 2428 et
724 2363 872 2449 gaudent
904 2363 1030 2427 habere
1063 2361 1162 2446 signa
1213 2362 1287 2446 quis
1310 2361 1353 2426 de
1373 2382 1478 2446 aque,
1511 2359 1584 2427 sale
1606 2380 1804 2445 conspersa,
1828 2364 1952 2450 inquit,
1979 2365 2068 2449 quod
2091 2388 2195 2450 popa·

177 2462 211 2515 et
237 2450 426 2514 testimonia
459 2461 571 2514 tantae
601 2451 847 2532 promissionis.
895 2447 975 2512 ideo
1003 2459 1161 2514 exerceat
1211 2443 1281 2511 lum
1298 2446 1495 2524 sanctificet,
1516 2468 1558 2511 ac
1575 2449 1723 2524 mundet,
1740 2446 1782 2511 Et
1803 2446 1904 2534 glosa
1920 2451 1977 2526 ait,
1995 2453 2084 2534 quod
2102 2474 2195 2517 mun·

177 2555 217 2601 se
239 2537 271 2599 in
293 2534 360 2599 illis
381 2535 489 2622 siguis
512 2546 544 2599 et
567 2536 777 2617 testimonijs.
816 2535 910 2599 Sicut
926 2535 1028 2620 igitur
1045 2532 1161 2599 Coena
1212 2533 1270 2597 det
1291 2552 1313 2596 a
1334 2530 1530 2599 venialibus.
1574 2530 1674 2597 Tales
1697 2544 1792 2598 erant
1814 2545 1849 2598 et
1870 2534 2106 2601 Phariseorum
2128 2541 2197 2622 opi·

177 2619 310 2685 Domini
342 2640 409 2685 non
435 2618 593 2686 iustificat
615 2640 659 2684 ex
681 2639 784 2706 opere
805 2628 961 2704 operato,
989 2620 1063 2684 sine
1083 2618 1161 2696 fide,
1212 2619 1343 2698 niones,
1365 2623 1449 2703 quas
1472 2616 1686 2701 reprehendit
1707 2616 1880 2698 Christus,
1903 2631 1937 2685 et
1958 2624 2097 2705 opponit
2117 2624 2197 2689 huic

176 2706 227 2770 lta
248 2706 464 2792 elemosynae
490 2726 559 2771 non
582 2705 761 2771 iustificant
783 2706 857 2770 sine
878 2704 964 2782 fide,
994 2726 1037 2771 ex
1058 2723 1161 2790 opere
1212 2702 1311 2768 lictae
1333 2726 1396 2788 pur
1439 2705 1539 2780 tioni,
1562 2699 1726 2788 duplicem
1748 2706 1965 2786 mundiciam,
1988 2704 2127 2772 aiteram
2147 2710 2196 2774 in·

177 2803 328 2874 operato.
377 2793 436 2857 Sic
467 2803 503 2856 et
540 2791 666 2856 'l'obiae
696 2792 807 2857 contio
846 2789 927 2875 Gap.
951 2792 1012 2875 iiij.
1052 2790 1162 2874 accipi
1211 2798 1349 2863 ternam,
1407 2803 1512 2855 teram
1534 2800 1714 2855 externam.
1753 2788 1849 2854 lubet
1870 2803 1905 2855 rt
1926 2794 2015 2856 intus
2037 2796 2217 2863 munden»

178 2878 290 2955 debet,
309 2875 513 2982 Elemosyna
539 2880 585 2943 ab
605 2879 695 2943 omni
715 2887 873 2962 peceato,
895 2891 929 2941 et
948 2898 971 2942 a
992 2887 1101 2942 morte
1120 2872 1160 2939 li·
1212 2886 1278 2954 tur,
1301 2885 1335 2939 et
1355 2875 1448 2940 addit
1470 2875 1513 2940 de
1534 2874 1699 2940 mundicia
1724 2887 1874 2942 externa.
1918 2875 2008 2942 Date
2032 2875 2196 2965 elemosy-

176 2965 281 3028 beret.
324 2961 401 3026 Non
424 2964 573 3028 dicemus
603 2962 811 3050 hyperbolen
838 2981 935 3040 esse,
963 2961 1160 3046 Quanquam
1211 2981 1301 3041 narn,
1321 2961 1365 3025 de
1386 2980 1428 3025 eo
1450 2961 1541 3046 quod
1561 2971 1731 3044 superest,
1759 2963 1865 3028 etsie
1887 2962 1998 3027 omnia
2019 2975 2117 3028 erunt
2136 2984 2197 3030 vo·

176 3049 223 3113 ita
243 3048 353 3132 accipi
376 3049 496 3126 debet,
527 3069 570 3112 ne
600 3048 753 3114 detrahat
780 3049 823 3114 de
844 3045 999 3113 laudibus
1021 3046 1159 3124 Christi,
1212 3047 1265 3111 bis
1297 3048 1430 3113 munda
1487 3045 1682 3131 Aduersarij
1715 3064 1784 3111 non
1817 3057 1909 3113 recte
1940 3051 2197 3117 accommodant

178 3137 273 3199 cuius
295 3135 431 3218 propria
451 3146 531 3198 sunt
553 3131 683 3212 cilicia,
712 3132 857 3199 liberare
877 3127 899 3198 a
920 3144 1062 3217 peccato
1084 3142 1119 3196 et
1140 3151 1163 3196 a
1211 3131 1407 3216 particulam
1429 3129 1651 3197 vniuersalem
1674 3134 1795 3212 omnia,
1818 3131 1976 3200 Christus
1998 3136 2082 3200 enim
2104 3136 2198 3203 addit

177 3231 295 3289 morte.
318 3218 388 3284 Sed
408 3219 646 3285 recurrendum
668 3230 722 3284 est
741 3221 787 3285 ad
808 3216 972 3306 regulam,
993 3220 1084 3304 qnod
1102 3217 1163 3281 do·
1211 3219 1301 3284 hane
1333 3216 1586 3284 conclusionem
1612 3219 1742 3304 vtriqae
1770 3220 1936 3297 membro,
1969 3217 2065 3285 Tunc
2086 3225 2198 3289 omnia

178 3307 286 3371 ctrina
302 3302 400 3390 legis,
420 3302 720 3371 sineGlrristonon
738 3306 887 3389 prodest
908 3302 1162 3389 Placentigitur
1213 3314 1309 3369 erunt
1329 3304 1470 3382 munda,
1499 3304 1537 3369 Si
1556 3305 1645 3370 intas
1668 3305 1760 3370 eritis
1781 3305 1905 3383 muudi,
1927 3316 1960 3371 et
1984 3303 2067 3370 soris
2097 3309 2197 3374 dede·

177 3389 392 3476 elemosynae
418 3391 493 3456 Deo
499 3438 511 3469 ,
540 3411 629 3476 quae
648 3402 833 3477 sequuntur
854 3389 1162 3456 reconciliationem
1212 3390 1286 3454 ritis
1319 3389 1558 3478 elemosynam.
1613 3388 1789 3476 Significat
1822 3392 1909 3457 enirn
1941 3393 2031 3477 quod
2058 3403 2197 3460 externa

177 3495 240 3542 seu
269 3476 557 3555 iustificationem,
587 3496 656 3542 non
679 3498 765 3563 quae
786 3477 1002 3562 praecedunt.
1046 3475 1162 3561 ltaque
1214 3477 1398 3541 mundicias
1426 3473 1630 3542 collocanda
1654 3478 1759 3542 sitin
1781 3477 1939 3560 operibus
1960 3497 1982 3540 a
2003 3475 2077 3542 Deo
2099 3500 2195 3562 prae·

177 3560 322 3628 liberant
342 3583 364 3627 a
386 3575 526 3646 peccato
548 3574 581 3627 et
601 3572 722 3639 morte,
745 3583 813 3628 non
834 3583 878 3627 ex
898 3583 1002 3648 opere
1012 3573 1162 3646 operato,
1215 3563 1332 3647 ceptis,
1353 3583 1421 3629 non
1441 3563 1477 3626 in
1497 3562 1730 3627 traditionibus
1752 3559 1917 3639 humanis,
1937 3565 1976 3626 vt
1997 3574 2078 3626 tunc
2099 3575 2196 3631 erant

178 3651 240 3713 sed
269 3659 305 3712 vt
332 3649 374 3712 de
401 3649 605 3732 poenitentia
630 3650 919 3733 supradiximus,
951 3649 1042 3735 quod
1062 3647 1163 3715 fidem
1214 3645 1291 3712 illae
1317 3646 1523 3726 ablutiones,
1550 3657 1585 3711 et
1605 3666 1694 3711 nunc
1715 3657 1768 3709 est
1792 3648 1983 3731 quotidiana
2002 3645 2062 3712 illa
2083 3669 2196 3735 asper·

89 3723 96 3745 '
179 3747 213 3798 et
234 3732 366 3798 fructus
393 3731 569 3819 complecti
590 3734 781 3799 debeamus.
824 3734 874 3799 lta
900 3735 956 3800 hic
978 3735 1021 3800 de
1041 3731 1164 3799 elemo·
1216 3735 1268 3799 sio
1288 3752 1416 3818 aquae,
1439 3735 1583 3797 vestitus
1603 3730 1864 3811 Monaolrorum,
1886 3732 2077 3799 discrimine
2105 3739 2197 3802 cibo·

179 3840 265 3905 syna
294 3819 470 3883 dicendum
502 3830 569 3901 est,
603 3819 693 3902 quod
722 3830 794 3883 tota
820 3817 879 3883 illa
910 3821 1046 3884 nouitas
1074 3820 1164 3884 vitae
1215 3841 1301 3899 rum,
1334 3828 1368 3881 et
1400 3814 1527 3882 similes
1556 3837 1717 3901 pompae,
1745 3815 1813 3881 Sed
1839 3819 2025 3905 aduersarij
2049 3841 2197 3887 cerrum·

180 3902 300 3968 salust.
352 3901 395 3966 Et
427 3903 641 3989 elemosynae
668 3917 746 3968 sunt
774 3906 932 3968 exercitia
954 3904 1048 3974 fidei,
1077 3923 1165 3989 quae
1215 3918 1298 3991 punt
1341 3903 1565 3982 sentenciam,
1609 3903 1801 3987 Sophistice
1837 3903 2001 3970 translate
2034 3906 2198 3989 particula

180 3989 302 4074 accipit
328 3989 558 4053 remissionem
586 4000 815 4073 peccatorum,
844 4008 932 4074 quae
953 3990 1055 4053 vincit
1076 4009 1163 4053 mor·
1215 3985 1415 4066 vniuersali,
1444 3988 1610 4075 adunam
1632 4002 1778 4074 partem,
1802 3988 1921 4054 Omnia
1945 4003 2043 4056 erum
2064 3995 2197 4073 munda,

180 4088 266 4153 tem,
297 4075 374 4138 dnm
398 4094 436 4138 se
456 4076 581 4160 magia,
614 4075 786 4162 magisque
808 4085 961 4153 exercet,
995 4086 1029 4139 et
1046 4071 1163 4138 inillis
1216 4077 1305 4140 datis
1331 4071 1552 4160 elemosynis,
1578 4074 1680 4160 Atqui
1709 4074 1830 4139 Petrus
1859 4076 1956 4155 dixit,
1983 4076 2065 4142 Fide
2085 4078 2198 4164 purifi·

181 4160 351 4243 exercitijs
372 4162 461 4225 vires
484 4162 618 4245 accipit.
663 4161 887 4227 concedimus
910 4173 944 4225 et
964 4159 1049 4240 hoc,
1073 4159 1164 4246 quod
1216 4162 1286 4225 cari
1308 4161 1425 4225 eorda.
1470 4160 1540 4225 Sed
1562 4170 1653 4225 totus
1674 4157 1771 4227 locus
1790 4161 1975 4246 inspectus,
1999 4166 2198 4230 sententiam

181 4246 396 4333 elemosynae
424 4259 611 4312 mereantur
637 4243 741 4313 multa
774 4246 937 4312 beneficia
966 4246 1048 4325 Dei,
1079 4245 1165 4313 miti·
1216 4245 1313 4311 offert
1338 4247 1609 4312 consencientem
1637 4267 1713 4312 curn
1740 4245 1870 4332 reliqua
1897 4250 2079 4331 scriptura,
2107 4253 2198 4335 quod

182 4345 263 4420 gent
295 4352 440 4482 poenas,
467 4334 557 4417 quod
586 4344 776 4398 mereantur
804 4344 841 4397 vt
863 4331 1098 4411 defendamur,
1130 4331 1164 4394 in
1216 4333 1246 4397 si
1273 4333 1379 4423 corda
1405 4333 1472 4397 sint
1502 4333 1679 4410 mundata,
1711 4342 1745 4396 et
1773 4335 1894 4398 deinde
1921 4332 2004 4399 soris
2035 4337 2200 4401 accedant

181 4423 294 4505 pericu
310 4421 339 4482 is
360 4432 575 4503 peccatorum
597 4431 631 4483 et
645 4420 779 4497 ¹mortis,
799 4420 886 4483 sicut
903 4417 1005 4505 paulo
1023 4430 1102 4483 ante
1123 4418 1165 4481 de
1216 4415 1451 4504 elemosynae,
1483 4417 1550 4482 hoc
1582 4431 1653 4496 est,
1686 4420 1797 4483 omnia
1829 4438 1931 4504 opera
1959 4421 2121 4500 cadetis,
2148 4421 2198 4488 lte

184 4518 257 4570 tota
286 4505 488 4590 poenitentia
514 4506 669 4570 diximus.
719 4504 771 4570 Ac
799 4517 872 4569 tota
899 4506 1017 4570 coricio
1040 4503 1165 4568 Tobiae
1216 4515 1306 4570 totos
1327 4524 1405 4568 esse
1426 4504 1587 4582 mundos,
1610 4504 1677 4569 hoc
1698 4515 1763 4583 cst,
1785 4515 1854 4569 non
1877 4506 1965 4569 intus
1987 4504 2114 4586 solum,
2135 4510 2198 4573 sed

183 4593 346 4676 inspecta,
374 4591 535 4669 ostendit,
563 4602 640 4655 ante
666 4590 880 4679 elemosynas
908 4591 1032 4677 requiri
1054 4590 1164 4655 fidem.
1216 4588 1300 4656 foris
1323 4591 1430 4656 eoam.
1481 4588 1612 4656 Deinde
1634 4612 1696 4656 cnr
1716 4611 1783 4654 non
1806 4601 1877 4655 tota
1897 4589 1956 4656 illa
1977 4594 2096 4657 concio
2119 4615 2231 4659 con·.

185 4676 346 4742 Omnibus
369 4677 592 4741 diebusvitae
613 4687 691 4742 tuae
712 4679 746 4741 in
769 4688 877 4742 mente
898 4676 1021 4740 habeto
1044 4674 1165 4741 Deum·
1216 4676 1371 4763 iungitur.
1404 4673 1531 4740 Multae
1550 4686 1630 4741 sunt
1648 4687 1763 4759 partes
1783 4676 2037 4764 obiurgationis,
2058 4699 2199 4764 quarum

183 4763 228 4827 Et
248 4773 386 4847 postea,
416 4761 513 4826 Omni
542 4773 692 4848 tempore
714 4765 854 4829 benedic
877 4763 1001 4841 Deum,
1034 4773 1069 4827 et
1089 4773 1167 4845 pote
1218 4763 1306 4827 aliae
1334 4763 1376 4825 de
1403 4761 1486 4838 lide,
1511 4759 1599 4826 allae
1625 4763 1667 4827 de
1689 4763 1848 4846 operibus
1873 4765 2099 4848 praecipiunt,
2125 4766 2201 4830 Neo

184 4852 227 4913 ab
258 4868 318 4925 eo,
350 4858 387 4911 vt
419 4848 492 4911 vias
521 4860 598 4912 tuas
624 4850 757 4937 dirigat.
808 4848 881 4912 Hoc
901 4859 1011 4913 autem
1031 4848 1167 4934 proprie
1219 4860 1271 4913 est
1297 4847 1430 4911 candidi
1462 4845 1599 4912 lectoris
1629 4866 1813 4933 excerpere
1839 4865 2020 4934 praecepta
2048 4871 2200 4936 operam,

743 4964 747 4973 ·
1219 4933 1355 4999 omissis
1373 4929 1459 4998 loeis
1480 4934 1522 4997 de
1544 4930 1621 4998 fide.

185 5039 393 5060 ---
1305 5017 1499 5096 Postremo,
1528 5018 1596 5085 hoo
1622 5019 1779 5085 monendi
1798 5031 1884 5086 sunt
1909 5018 2073 5099 lectores,
2107 5023 2200 5107 qnod

206 5157 233 5226 ⁶)
253 5157 302 5209 Ha
318 5155 400 5209 mh„
416 5157 444 5205 ..n
455 5155 504 5221 [⁰1-
522 5153 542 5209 s
563 5159 591 5207 1,
608 5155 776 5207 ΝΜ,
793 5153 856 5208 m
870 5155 1014 5209 adnm:
1050 5156 1108 5217 Im
1125 5160 1165 5208 m·
1219 5104 1406 5190 aduersarij
1427 5105 1573 5188 pessime
1593 5102 1775 5171 consulunt
1793 5107 1858 5212 pijs
1874 5107 2102 5193 conscientijs,
2122 5127 2201 5173 cum

256 5235 340 5288 terna,
358 5241 416 5276 cnm
434 5239 481 5275 cor
498 5231 614 5277 nostrum
632 5240 686 5277 non
703 5226 825 5290 coarguit
841 5238 899 5288 nos,
917 5230 1011 5278 scimur
1030 5193 1101 5291 quod
1116 5225 1168 5277 alit
1220 5194 1348 5298 th
1369 5211 1433 5296 Per,
1449 5209 1555 5294 ⁰me
1576 5192 1697 5294 ⁰¹⁰3ffi'l
1721 5194 1951 5258 rem¹⁵⁸l⁰⁰⁸m
1972 5204 2199 5297 Pecoefllfflmr

337 5297 344 5309 ·
417 5296 430 5324 ε
1219 5297 1298 5364 qma
1320 5287 1524 5343 conamentrs
1552 5273 1717 5363 colligens
1744 5296 1807 5362 per
1831 5297 1936 5364 opera
1955 5278 2200 5358 mnasonem,

394 5410 719 5460 nuaraomvor..
731 5413 824 5457 nvn.
1630 5474 1634 5481 ¹
1955 5397 1993 5452 at
