4786 6210
74 327 142 394 aas
356 300 359 307 “
524 322 638 392 run.
657 321 763 391 uua,
786 297 974 389 sanum
993 320 1263 391 acaunum
1280 319 1339 401 ar
1357 319 1630 390 sumentes
1914 334 1926 345 ·
2023 317 2095 387 aaa

78 512 401 599 concupiscentiam,
422 532 490 577 nen
512 523 637 578 tantum
659 523 756 578 actus
778 531 839 577 seu
860 509 989 577 hactus
1009 511 1059 575 in·
1108 511 1184 579 eial
1227 509 1396 586 Quorsum
1418 528 1506 595 opus
1534 510 1596 575 erit
1624 507 1744 575 siritu
1768 517 1905 589 sanae,
1939 509 1970 573 si
1998 509 2092 576 vires

77 598 272 688 telligimus,
294 601 356 664 sed
380 610 573 684 perpetuam
595 612 734 663 naturae
755 595 1012 663 inclinationem.
1107 597 1271 664 humanae
1292 616 1353 681 per
1374 615 1451 660 sese
1472 608 1615 680 possunt
1639 529 1748 660 Beum
1776 615 1878 680 super
1903 595 2012 661 omnia
2041 596 2090 661 di·

165 686 234 751 Sed
262 696 381 770 postea
412 685 628 748 ostendemus
660 682 812 767 pluribus
839 684 970 758 verbis,
999 702 1058 746 no·
1107 682 1234 771 ligere,
1255 694 1290 749 et
1310 693 1491 766 praecepta
1512 680 1576 746 Dei
1603 679 1737 746 lacere?
1781 679 1863 753 Quis
1891 701 1959 747 non
1987 682 2091 760 videt,

76 775 182 838 'stram
205 771 463 855 descriptionem
485 771 675 835 consentire
698 789 771 833 eum
793 769 912 834 vsitata
939 788 981 833 ao
1003 786 1058 833 ve-
1109 790 1208 856 quarn
1240 778 1459 855 praepostere
1492 771 1637 833 sentiant
1668 767 1875 851 aduarsarijl
1928 765 2091 832 Leuiores

79 859 143 924 teri
176 856 375 923 delinitione.
431 854 530 920 Prius
571 857 656 919 enim
697 851 871 920 consilium
907 864 1057 919 nostrum
1108 859 1245 921 morbos
1279 858 1313 919 in
1345 865 1467 919 natura
1498 852 1642 920 hominis
1675 864 1884 938 agnoscunt,
1917 853 2091 938 grauiores

79 943 292 1030 aperiendum
327 952 396 1019 est,
429 961 489 1005 cur
519 941 572 1004 his
604 941 811 1026 potissimum
844 941 959 1005 verbis
992 939 1059 1004 hoe
1108 945 1248 1007 morbos
1276 960 1345 1004 non
1379 951 1586 1024 agnoscunt,
1613 941 1656 1003 de
1685 938 1805 1023 quibus
1834 952 1946 1004 tamen
1968 939 2092 1023 ubique

78 1027 158 1095 loco
181 1030 234 1093 vsi
256 1028 369 1092 simus.
401 1026 595 1112 Aduersarij
619 1028 652 1091 in
675 1023 802 1091 scholis
825 1023 970 1091 latentur
992 1046 1059 1090 ma·
1109 1027 1267 1092 admonet
1286 1045 1351 1090 nos
1373 1024 1551 1107 scriptura,
1574 1023 1685 1091 etPro
1710 1022 1807 1089 hetae
1828 1034 1990 1110 perpetuo
2013 1044 2093 1090 con·

79 1111 198 1181 teriale
220 1122 270 1194 (ut
290 1118 428 1187 vocant)
449 1114 581 1197 peccati
602 1110 776 1198 originalis
800 1131 877 1177 esse
900 1112 1058 1195 concupi·
1082 1106 1086 1186 Ι
1110 1125 1304 1198 queruntur,
1325 1107 1493 1187 videlicet,
1515 1113 1558 1175 de
1580 1131 1660 1175 carn
1697 1111 1707 1174 i
1729 1111 1926 1189 securitate,
1948 1110 1990 1174 tle
2013 1130 2094 1177 eon·

80 1201 261 1280 scentiam,
279 1219 381 1284 qnare
401 1202 436 1262 in
458 1199 646 1263 deliniendo
669 1196 820 1263 nonfuit
844 1209 1060 1281 praetereun·
1082 1192 1086 1287 Ι
1110 1209 1235 1283 temptu
1256 1196 1338 1274 Dei,
1357 1196 1400 1260 de
1418 1196 1495 1260 odie
1519 1196 1601 1274 Dei,
1628 1209 1662 1260 et
1683 1194 1846 1260 similibus
1868 1195 1958 1281 vitijs
1980 1197 2093 1261 nobis·

81 1286 141 1363 da,
170 1286 365 1369 pracsertim
390 1283 457 1349 hec
480 1297 646 1370 tempore,
674 1305 750 1350 eum
773 1284 815 1348 de
842 1302 882 1348 ea
911 1280 1061 1349 nonnulli
1083 1304 1086 1365 Ι
1111 1305 1186 1348 cnm
1207 1283 1316 1362 natis,
1338 1280 1408 1345 Sed
1430 1293 1606 1366 postquam
1630 1279 1824 1347 scholastici
1847 1283 2095 1347 admiscuerunt

81 1392 197 1456 pamm
220 1368 376 1456 religiose
398 1366 689 1455 philosophantur.
769 1430 774 1439 ,
1084 1374 1088 1441 ².
1111 1371 1283 1435 doetrinae
1305 1364 1531 1445 Christianae,
1555 1365 1803 1452 Philosophiam
1826 1369 1868 1433 de
1889 1364 2095 1451 perfectione

170 1456 310 1529 Quidam
332 1456 418 1520 enim
442 1456 624 1541 disputant,
645 1466 821 1539 peccatum
832 1454 970 1540 originis
993 1474 1060 1518 non
1085 1448 1259 1526 'naturae
1281 1465 1316 1518 et
1337 1450 1530 1537 plusquam
1552 1455 1635 1518 satis
1657 1467 1748 1532 eret,
1769 1451 1877 1518 libero
1899 1455 2037 1520 arbitrio
2060 1463 2096 1518 et

83 1562 161 1608 esse
182 1542 318 1628 aliquod
346 1543 379 1605 in
409 1553 529 1607 natura
554 1541 698 1606 hominis
726 1541 868 1618 vicium,
898 1558 960 1605 seu
989 1559 1062 1603 cor·
1112 1542 1245 1606 actibus
1274 1534 1395 1604 elicitis
1410 1541 1444 1615 9)
1477 1539 1680 1619 tribuerunt,
1708 1551 1741 1604 et
1767 1538 1918 1604 homines
1947 1536 2096 1625 philoso-

81 1630 280 1713 raptionem‚
298 1629 360 1692 sed
383 1638 509 1692 tantum
531 1627 737 1703 seruitutem,
760 1647 820 1691 seu
839 1625 1062 1690 conditionem
1111 1627 1212 1712 phica
1233 1646 1294 1690 seu
1318 1620 1406 1690 ciuili
1427 1625 1575 1702 iusticia,
1599 1646 1697 1710 quam
1720 1638 1754 1690 et
1779 1645 1844 1691 nos
1871 1624 2017 1691 fatemur
2043 1645 2096 1689 ra·

82 1713 310 1791 mortalitatis,
334 1733 431 1796 quam
458 1714 636 1799 propagati
663 1733 705 1776 ex
727 1712 836 1777 Adam
865 1712 1063 1789 sustineant,
1085 1682 1090 1779 l
1114 1713 1196 1777 tioni
1218 1711 1402 1776 subiectam
1426 1729 1522 1788 esse,
1550 1721 1584 1775 ct
1605 1708 1717 1797 aliquo
1739 1711 1839 1775 modo
1866 1713 1900 1776 in
1927 1721 2097 1796 potestate

83 1801 157 1864 sine
180 1797 292 1883 aliquo
314 1798 450 1881 proprio
472 1801 571 1876 vicie,
593 1810 731 1882 propter
752 1795 896 1862 alienam
919 1794 1061 1879 culpam.
1086 1784 1090 1859 l
1112 1809 1230 1862 nostra
1252 1815 1349 1873 esse,
1370 1795 1544 1860 iustificari
1566 1815 1678 1861 coram
1701 1795 1776 1860 Deo
1798 1796 2004 1876 decuerunt,
2025 1816 2095 1860 non

83 1883 260 1949 Praeterea
282 1885 419 1959 addunt,
442 1886 605 1948 neminem
629 1885 776 1948 damnari
798 1894 906 1947 morte
928 1895 1063 1947 aeterna
1113 1893 1291 1968 potnerunt
1301 1881 1416 1947 videre
1431 1882 1620 1946 interiorem
1629 1883 1869 1947 immundiciam
1881 1895 2022 1948 naturae
2034 1879 2095 1947 ho·

82 1980 219 2055 propter
240 1980 413 2053 peceatum
441 1971 598 2055 originis,
631 1969 726 2033 Sicut
758 1989 799 2034 ex
829 1965 952 2032 aneilla
972 1968 1064 2033 serui
1086 2005 1091 2057 ,-
1113 1970 1252 2047 minum,
1274 1967 1391 2052 Neque
1410 1968 1495 2031 enim
1518 1978 1630 2052 potest
1651 1969 1809 2046 iudicari,
1839 1967 1965 2033 nisiex
1988 1969 2093 2032 verbo

82 2066 277 2126 nascuntur,
301 2066 333 2119 et
355 2052 444 2117 hanc
467 2056 687 2120 conditionem
710 2055 783 2118 sine
804 2067 944 2118 naturae
961 2054 1062 2138 vitiJS,
1086 2061 1091 2098 ¹
1113 2053 1196 2132 Dei,
1226 2054 1316 2137 quod
1344 2050 1538 2118 scholastici
1567 2056 1601 2117 in
1624 2053 1695 2118 suis
1724 2054 2003 2138 disputationibus
2024 2072 2094 2119 nnn

83 2142 144 2205 sed
166 2152 303 2225 propter
323 2136 543 2206 calamitatem
567 2140 681 2204 matris
710 2141 874 2209 sustinent
881 2184 891 2217 ,
913 2139 1005 2215 Nos,
1027 2149 1064 2202 vt
1115 2158 1220 2223 saepe
1242 2149 1396 2203 tractant.

83 2224 172 2291 hanc
198 2228 328 2309 impiam
361 2224 549 2309 opinionem
577 2224 841 2310 significaremus
871 2226 969 2290 nobis
996 2224 1091 2295 dis-,t
1201 2223 1275 2288 llas
1295 2222 1428 2289 fuerunt
1450 2243 1591 2306 causae,
1622 2245 1683 2290 cur
1704 2225 1738 2289 in
1769 2225 1992 2309 descriptione
2018 2243 2096 2307 pec·

82 2309 218 2395 plicare,
243 2313 534 2394 concupiscentiae
552 2313 750 2376 mentionem
767 2308 920 2388 i'eeimus,
937 2311 1063 2393 optimo
1115 2310 1182 2376 cati
1216 2310 1373 2396 originis,
1406 2322 1440 2373 et
1466 2310 1758 2394 concupiscentiae
1788 2312 1988 2388 mentionem
2015 2310 2096 2375 leci·

83 2395 193 2462 animo
215 2399 351 2460 morbos
374 2398 635 2475 nominauimus,
663 2408 697 2460 et
718 2395 952 2480 exposuimus,
974 2394 1064 2480 quod
1115 2415 1206 2472 mus,
1238 2407 1273 2460 et
1306 2395 1507 2461 detraximus
1540 2393 1749 2461 naturalibus
1782 2396 1909 2460 viribus
1941 2395 2096 2474 hominis,

84 2495 204 2548 natura
227 2480 393 2545 hominum
414 2493 570 2565 corrupta
592 2494 625 2544 et
647 2483 775 2546 viciose
797 2494 966 2546 nascatur.
1114 2481 1265 2546 timorem
1294 2493 1328 2545 et
1356 2479 1509 2545 fiduciam
1537 2500 1617 2566 erga
1649 2479 1776 2558 Deum,
1807 2479 1981 2546 Voluimus
2010 2482 2096 2547 enim

170 2567 288 2651 Neque
310 2586 392 2630 vero
415 2578 539 2631 tantum
562 2568 864 2652 concupiscentiam
883 2565 1064 2631 nominaui·
1115 2566 1323 2652 significare,
1357 2566 1446 2650 quod
1479 2579 1652 2649 peceatum
1687 2567 1826 2652 originis
1846 2565 1929 2630 'hos
1964 2584 2098 2651 quoque

85 2672 178 2730 mus,
207 2652 268 2717 sed
298 2651 438 2716 diximus
465 2654 562 2717 etiam
592 2653 713 2717 deesse
741 2654 892 2717 timorem
920 2651 1004 2730 Dei,
1033 2662 1066 2714 et
1114 2653 1251 2717 morbos
1276 2653 1462 2730 contineat,
1491 2653 1734 2737 ignorationem
1762 2651 1843 2732 Dei,
1872 2662 2098 2736 contemptum

84 2737 195 2815 fidem,
217 2736 254 2800 ld
272 2734 339 2802 hoc
368 2736 509 2802 consilio
536 2738 728 2804 adiecimus.
772 2736 963 2802 Extenuant
989 2755 1064 2822 pec·
1115 2736 1191 2822 Dei,
1214 2757 1336 2802 vacare
1358 2750 1447 2801 metu
1469 2736 1541 2806 Del,
1564 2750 1598 2802 et
1618 2735 1744 2803 fiducia
1762 2756 1845 2823 erga
1872 2737 1998 2815 Deum,
2027 2756 2097 2801 non

84 2835 193 2889 catum
222 2822 370 2908 Originis
399 2835 433 2888 et
456 2819 855 2902 scholasticidoctorcs,
883 2842 952 2887 non
981 2823 1064 2887 satis
1114 2842 1218 2907 posse
1246 2819 1385 2910 diligere
1412 2821 1531 2887 Deum.
1576 2823 1672 2889 llaec
1696 2835 1775 2887 sunt
1801 2825 1982 2909 praecipua
2007 2823 2098 2888 vicia

83 2905 307 2995 intelligentes
337 2907 561 2974 definitionem
588 2911 718 2995 peccati
747 2906 938 2995 originalis,
966 2928 1066 2993 quam
1114 2919 1255 2975 naturae
1272 2907 1449 2988 humanae,
1470 2911 1653 2996 pugnantia
1674 2910 1811 2995 proprie
1833 2930 1909 2974 eum
1930 2910 2097 2993 primata·

83 3005 287 3080 acceperunt
307 3015 328 3059 a
350 2995 512 3078 patribus.
556 2993 611 3059 De
633 2993 746 3062 fomite
768 2996 954 3080 disputant,
975 2993 1066 3079 qued
1115 2992 1196 3061 bula
1218 2991 1381 3081 decalogi.

86 3082 128 3146 sit
150 3079 293 3164 qualitas
324 3082 495 3165 corporis,
524 3091 557 3144 et
584 3093 621 3146 vt
646 3101 710 3147 sun
735 3100 829 3147 more
856 3081 925 3146 siut
952 3080 1065 3163 inepti,
1200 3079 1319 3165 Neque
1351 3081 1432 3146 noui
1463 3081 1643 3166 quidquam
1672 3080 1823 3145 diximus.
1876 3078 1984 3144 Vetus
2017 3077 2098 3144 defi·

86 3178 249 3251 quaerunt
268 3181 376 3229 rtrum
400 3164 542 3250 qualitas
563 3163 640 3246 illa,
664 3178 744 3233 cont
789 3168 866 3231 ’one
885 3166 994 3251 pomi,
1021 3184 1065 3227 an
1115 3165 1196 3229 nitio
1218 3178 1311 3230 recte
1338 3163 1508 3232 intellecta
1538 3185 1678 3250 prorsus
1703 3166 1791 3230 idem
1818 3165 1915 3245 dicit,
1943 3163 2027 3231 Cum
2052 3166 2098 3229 ait

86 3270 128 3316 ar
147 3245 262 3315 afflatu
280 3252 446 3334 serpentis
469 3262 642 3315 contracta
670 3251 732 3330 sit,
792 3258 877 3317 tmm
903 3259 1067 3336 angeatur
1138 3262 1290 3316 ecnatum
1311 3252 1450 3338 originis
1471 3253 1651 3315 carentiam
1674 3269 1751 3316 esse
1775 3252 1926 3317 iusticias
1956 3252 2097 3336 origine·

84 3336 343 3402 medicamentis.
389 3333 585 3400 Huiusmodi
614 3338 867 3421 quaestionibus
889 3351 1067 3421 oppresse·
1114 3272 1171 3401 hs.
1226 3334 1315 3408 Quid
1353 3349 1407 3401 est
1444 3348 1554 3400 autem
1593 3335 1746 3400 iusticia?
1801 3334 2007 3403 Scholastici
2039 3337 2095 3403 hic

85 3433 163 3487 runt
183 3417 367 3505 principale
387 3423 583 3506 negocium,
608 3421 724 3506 ltaque
756 3442 831 3486 cum
858 3423 899 3489 de
925 3430 1065 3505 peccato
1087 3432 1095 3504 Ι
1115 3421 1266 3487 rixantur
1298 3423 1340 3487 de
1373 3419 1557 3486 dialecticis
1586 3421 1858 3507 quaestionibus,
1892 3440 1959 3488 non
1993 3420 2097 3507 expli·

87 3505 236 3593 Originis
258 3503 457 3592 loquuntur,
484 3507 640 3593 grauiora
661 3507 748 3572 vicia
780 3507 946 3572 humanae
972 3516 1067 3570 natu·
1117 3520 1195 3572 cant
1216 3508 1296 3590 qnid
1317 3507 1361 3570 sit
1381 3507 1514 3571 iusticia
1536 3504 1728 3594 Originalis
1773 3509 1881 3573 Porro
1903 3507 2034 3573 iusticia
2062 3509 2097 3572 in

86 3613 146 3657 rae
162 3613 230 3657 non
249 3605 521 3672 commemorant,
540 3589 668 3657 scilicet
684 3592 926 3679 ignorationem
939 3593 973 3670 θ)
990 3591 1067 3670 Dei,
1116 3593 1309 3676 scripturis,
1334 3594 1480 3657 continet
1502 3612 1570 3656 nen
1592 3603 1718 3658 tanturn
1741 3596 1922 3659 secundam
1949 3590 2097 3658 tabulam

89 3687 314 3762 contemptum
324 3675 401 3754 Dei,
422 3689 647 3744 vacaremetu
668 3689 703 3747 ct
723 3677 844 3744 fiducia
853 3675 930 3756 Dei,
952 3678 1067 3742 odisse
1116 3675 1247 3742 Deculo
1273 3680 1301 3756 i,
1329 3679 1390 3743 sed
1416 3681 1553 3762 primam
1580 3699 1730 3764 quoqne,
1755 3701 1842 3765 qnae
1869 3680 2032 3765 praecipit
2054 3682 2097 3757 de

87 3764 242 3828 iudicium
259 3760 336 3840 Dei,
357 3760 475 3850 sugere
497 3763 604 3830 Deum
626 3765 836 3843 iudicantem,
858 3765 959 3829 irasci
980 3762 1066 3846 Deo,
1117 3699 1332 3842 timoreltet,
1356 3764 1398 3828 de
1420 3764 1499 3842 fide,
1517 3765 1558 3828 de
1580 3785 1694 3830 amore
1715 3764 1789 3830 Dei.
1833 3764 1948 3851 ltaque
1965 3752 2125 3851 iusticial

86 3850 268 3933 desperare
296 3852 454 3934 gratiam,
486 3849 613 3915 habere
641 3849 795 3915 fiduciam
828 3870 937 3915 rerum
971 3870 1067 3934 prae·
1117 3846 1297 3934 Originalis
1318 3846 1473 3915 habitura
1495 3861 1566 3914 erat
1588 3871 1656 3916 non
1679 3848 1787 3915 solum
1810 3848 1950 3936 aequale
1972 3861 2096 3936 tempe·
2125 3860 2135 3923 “-.,

86 3937 228 4001 sentium
252 3945 314 3997 etc.
359 3932 431 3998 llos
453 3936 607 4013 morbos,
634 3937 690 4019 qni
719 3935 861 4000 maxima
886 3935 1067 4000 aduersan-
1117 3947 1299 4001 ramentum
1317 3933 1511 4020 qualitatum
1529 3937 1693 4019 corporis,
1710 3938 1771 4001 scd
1790 3937 1887 4001 etiam
1900 3937 2095 4014 haecdona‚
2128 3966 2137 4023 Ι

85 4034 141 4088 tur
159 4019 227 4105 legi
248 4018 330 4099 Dei,
359 4039 427 4084 non
455 4021 721 4086 animaduertunt
758 4020 975 4095 scholastici,
998 4019 1066 4085 hnc
1089 4038 1095 4100 Ι
1117 4021 1274 4087 noticiam
1294 4018 1360 4084 Dei
1383 4023 1569 4100 certiorem,
1587 4023 1734 4087 timorem
1752 4020 1830 4100 Dei,
1847 4022 2001 4087 fiduciam
2018 4020 2127 4105 Deiy'

85 4108 233 4173 tribuunt
255 4106 384 4170 interim
407 4105 570 4171 humanae
591 4117 729 4172 naturae
747 4108 897 4192 integras
913 4107 1006 4171 vires
1024 4105 1067 4170 ad
1116 4117 1174 4172 ant
1193 4118 1284 4171 certe
1306 4106 1553 4185 rectitudinem,
1583 4119 1617 4173 et
1645 4111 1708 4172 iim
1739 4109 1806 4172 ista
1829 4107 2003 4173 efficiendi.
2048 4107 2096 4170 ld·

87 4189 290 4277 diligendum
312 4190 421 4256 Deum
443 4192 691 4274 superomnia,
718 4193 761 4257 ad
791 4189 945 4257 iacienda
971 4211 1067 4277 prae·
1117 4211 1184 4278 qus
1204 4178 1531 4276 testaturKscriptura
1551 4213 1626 4259 eum
1644 4195 1756 4279 inquit,
1773 4192 1939 4259 hominem
1957 4195 1999 4258 ad
2016 4195 2096 4257 ima·

87 4287 187 4362 cepta
207 4277 285 4356 Dei,
303 4299 369 4363 qno
391 4279 436 4343 ad
457 4279 678 4344 substantiam
698 4288 844 4357 actuum,
861 4275 932 4341 Nec
955 4279 1095 4413 videntp
1118 4279 1227 4364 ginem
1250 4288 1284 4341 et
1311 4273 1554 4343 similitudinem
1581 4278 1645 4344 Dei
1672 4280 1840 4345 eonditum
1865 4298 1951 4344 esse.
1996 4278 2095 4351 Quod

86 4381 126 4428 se
147 4365 329 4449 pugnantia
359 4365 480 4429 dicere.
524 4363 608 4428 Nam
636 4364 781 4449 proprijs
811 4361 938 4428 viribus
964 4382 1068 4448 posse
1118 4364 1197 4449 quid
1219 4373 1272 4428 est
1293 4361 1396 4442 aliud,
1418 4364 1484 4429 nisi
1506 4366 1539 4428 in
1561 4365 1694 4430 homine
1721 4363 1810 4430 hane
1837 4366 2034 4450 sapientiam
2062 4373 2096 4429 et
2193 4392 2201 4441 Ι

87 4445 226 4598 diligere
248 4449 356 4540 Deum
378 4468 481 4534 super
503 4451 631 4525 omnia,
652 4449 767 4514 iacere
788 4458 967 4533 praecepta
989 4447 1066 4525 Dei,
1089 4431 1095 4554 Ι
1118 4450 1281 4514 iusticiam
1303 4446 1483 4536 effigiatam
1506 4470 1602 4528 esse,
1624 4471 1709 4535 quae
1731 4448 1839 4515 Deum
1867 4450 2095 4535 apprehende-

200 4532 289 4599 alind
318 4545 372 4598 est
403 4554 502 4619 quam
536 4535 663 4600 habere
701 4535 865 4600 iusticiam
905 4534 1067 4617 origtntst
1117 4545 1179 4606 ret,
1202 4548 1235 4600 et
1256 4536 1290 4599 in
1313 4556 1378 4621 qua
1400 4535 1564 4603 reluceret
1586 4536 1691 4615 Dens,
1712 4534 1780 4601 hoc
1797 4550 1847 4600 est
1867 4536 1990 4600 homini
2008 4536 2096 4599 dona

110 4554 144 4599 nr

87 4554 186 4693 &aa
209 4622 238 4684 si
260 4616 323 4684 has
345 4633 456 4684 tantas
475 4622 565 4685 sires
586 4619 689 4685 habet
709 4618 852 4685 humana
872 4630 1009 4699 natura,
1030 4630 1068 4684 vt
1117 4639 1196 4685 essa
1225 4621 1318 4699 data,
1349 4623 1505 4687 noticiam
1537 4620 1617 4701 Dei,
1650 4623 1800 4686 timorem
1828 4621 1909 4697 Dei,
1942 4621 2097 4686 fiduciam

85 4724 147 4790 per
180 4723 260 4769 sese
291 4706 400 4789 possit
433 4703 572 4794 diligere
604 4704 713 4769 Deum
742 4704 997 4790 superomnia,
1030 4718 1067 4770 vt
1118 4725 1200 4792 erga
1232 4703 1363 4787 Deum,
1398 4718 1431 4773 et
1461 4698 1618 4794 similia.)
1643 4707 1702 4774 Sic
1725 4709 1812 4773 enim
1838 4710 2097 4792 interpretantur

87 4788 296 4855 confidenter
316 4787 484 4856 affirmant
510 4787 721 4871 scholastici,
749 4792 827 4877 quid
857 4791 920 4856 erit
946 4810 1066 4877 pecca·
1118 4789 1363 4858 similitudinem
1384 4792 1449 4858 Dei
1471 4794 1606 4858 ireneus
1634 4793 1913 4870 etAmbrosins,
1940 4795 2096 4881 quicum

87 4884 158 4942 tum
190 4874 351 4962 originis?
404 4872 570 4950 Quorsum
604 4889 712 4943 autern
741 4897 827 4960 opus
859 4878 922 4942 erit
960 4879 1068 4964 gratia
1119 4875 1185 4944 alia
1211 4876 1314 4945 multa
1346 4879 1380 4944 in
1412 4877 1500 4945 hanc
1528 4881 1733 4945 sentenciam
1757 4881 1855 4958 dicit,
1882 4892 1951 4945 tum
1975 4881 2022 4944 ita
2049 4877 2096 4941 iu·

90 4957 227 5039 (lhristi,
250 4961 279 5025 si
300 4980 365 5028 nes
386 4981 566 5047 possumus
594 4963 666 5028 h'eri
693 4964 787 5047 iusti,
815 4965 951 5047 propria
977 4963 1068 5030 iusti·

109 5236 138 5300 a)
157 5235 359 5302 ignorationem]
377 5237 415 5287 re
431 5235 512 5288 aare.
534 5238 557 5285 1.
576 5237 601 5287 r.
619 5239 662 5301 a,
680 5236 982 5303 resumemus-1
1092 5203 1098 5278 Ι
1137 5239 1168 5306 a)
1186 5236 1291 5306 enea]
1309 5241 1347 5290 aa
1363 5239 1443 5290 aare.
1464 5237 1558 5305 1-a.;
1577 5238 1628 5291 aa
1648 5244 1688 5291 ιι
1706 5240 1804 5291 ursan
